4500 5609
1176 418 1197 482 2

329 617 497 686 Claudium
524 617 580 702 qui
601 637 630 683 a.
653 616 793 700 218j536
817 613 961 682 tribunus
987 617 1092 701 plebis
1113 616 1173 683 suit
1204 617 1286 704 (Liu.
1308 616 1387 681 XXI
1413 618 1464 699 63,
1493 614 1538 701 3),
1572 615 1682 682 decem
1709 615 1802 682 annis
1824 623 1899 701 post
1919 623 2047 701 praetor

330 723 412 806 (liu.
433 720 558 787 XXVII
586 722 644 803 213
675 723 731 803 223
758 721 810 785 43.
847 719 989 784 XXVIII
1017 723 1066 803 10,
1096 719 1151 803 10)
1186 720 1329 786 historici
1356 726 1484 785 atauum
1513 718 1622 793 fuisse,
1660 738 1743 802 quae
1775 719 1834 784 fuit
1866 719 2047 785 coniectura

328 824 447 890 Krausi
480 821 526 908 (p.
549 819 640 906 243);
672 820 707 886 id
726 841 824 886 unum
845 841 902 905 pro
930 829 1016 887 certo
1049 820 1218 889 adfirmare
1245 823 1329 904 licet,
1362 842 1433 887 eum
1455 841 1520 886 non
1542 821 1672 886 duxisse
1694 820 1849 904 originem
1870 842 1889 888 e
1909 822 2046 906 patricia

331 927 534 993 Claudiorum
560 924 695 1007 familia,
729 924 762 988 in
791 944 855 1007 qua
882 923 990 1002 Quinti
1021 944 1216 1009 praenomen
1247 926 1375 990 omnino
1406 945 1469 989 uon
1502 925 1611 989 datum
1646 943 1719 989 esse
1753 931 1878 989 constet
1909 923 1962 1010 (cf.
1985 925 2044 993 Th.

328 1030 505 1095 Mommsen
533 1028 615 1100 „Die
636 1027 816 1093 romischen
838 1027 1077 1110 Eigennamen⁴⁴
1099 1028 1133 1092 in
1155 1047 1237 1092 nouo
1264 1048 1344 1093 mus.
1367 1027 1468 1094 Rhen.
1495 1027 1556 1091 XV
1578 1047 1609 1112 p.
1634 1025 1720 1112 178).
1755 1027 1848 1093 Vnde
1871 1047 2047 1110 cognomen

329 1131 475 1197 habuerit
496 1138 552 1195 aut
573 1131 678 1215 ipsine
699 1131 800 1214 primo
823 1149 865 1194 an
888 1130 951 1193 iam
967 1129 1035 1195 eius
1050 1130 1223 1194 maioribus
1239 1129 1346 1194 datum
1363 1130 1405 1195 sit
1419 1129 1547 1193 dubium
1563 1137 1620 1212 est,
1642 1148 1747 1212 neque
1768 1129 1847 1195 illud
1869 1129 1934 1194 ianr
1955 1130 2046 1196 nobis

331 1244 382 1301 est
409 1242 526 1300 certum
550 1233 784 1315 adminiculum,
813 1232 898 1316 quod
919 1233 954 1300 L.
977 1232 1165 1298 Voltaeilius
1193 1232 1303 1297 Plotus
1331 1232 1471 1318 „primus
1501 1233 1639 1298 omnium
1665 1234 1881 1299 libertinorum
1909 1234 2046 1299 seribere

331 1338 496 1403 historiam
518 1357 609 1403 orsus
632 1341 689 1417 est,
716 1356 781 1400 non
801 1335 863 1400 nisi
885 1336 925 1400 ab
947 1335 1173 1401 honestissimo
1195 1355 1320 1418 quoque
1342 1334 1438 1399 scribi
1459 1335 1586 1399 solitam
1607 1335 1651 1399 ad
1672 1335 1706 1400 id
1727 1344 1872 1420 tempus“
1901 1335 2046 1417 (Sueten.

333 1441 374 1506 de
401 1462 501 1524 gram.
527 1461 558 1524 p.
583 1441 645 1505 124
671 1438 774 1518 Reii),
808 1458 879 1502 cum
902 1437 1113 1522 Voltacilium,
1146 1444 1182 1503 ut
1206 1458 1291 1503 nunc
1317 1437 1596 1503 Reifferscheidius
1624 1437 1688 1502 dici
1715 1440 1844 1521 mauolt,
1878 1437 2045 1520 aequalem

329 1544 396 1610 fere
417 1544 518 1609 fuisse
539 1541 632 1607 huius
654 1540 846 1624 Quadrigari
866 1540 1121 1606 existumandum
1143 1542 1194 1608 sit.

415 1645 572 1724 Quoniam
593 1644 689 1727 igitur
708 1644 800 1709 nobis
822 1664 885 1708 non
908 1644 1040 1729 contigit
1060 1651 1095 1709 ut
1114 1643 1217 1728 ipsius
1240 1642 1376 1709 hominis
1398 1644 1569 1728 imaginem
1591 1643 1851 1728 describeremus,
1873 1665 2045 1730 pergamus

331 1747 375 1814 ad
410 1749 547 1830 libros,
584 1766 715 1829 quorum
754 1746 842 1811 haud
883 1747 1001 1830 exigua
1033 1753 1064 1811 et
1097 1754 1185 1810 certa
1222 1746 1361 1828 uestigia
1393 1747 1442 1811 ad·
1467 1768 1526 1813 nos
1558 1749 1743 1831 peruenere,
1782 1749 1894 1830 quales
1931 1747 2048 1813 luerint

331 1849 575 1933 adumbrandos,
598 1843 682 1913 unde
703 1848 840 1915 sortasse
862 1848 902 1913 de
923 1857 1037 1914 natura
1058 1849 1250 1933 ingenioque
1272 1850 1341 1915 eius
1364 1851 1418 1933 qui
1440 1851 1568 1934 scripsit
1588 1872 1691 1935 pauca
1713 1858 1893 1935 sequentur.

417 1951 632 2036 Inscriptio
654 1951 788 2016 traditur
809 1953 981 2035 annalium,
1012 1973 1032 2016 a
1054 1953 1132 2018 solis
1154 1952 1309 2017 Diomede
1331 1959 1363 2017 et
1382 1952 1546 2018 Prisciano
1573 1952 1708 2037 singulis
1734 1953 1814 2018 locis
1844 1951 1894 2037 (ir.
1918 1956 1968 2018 71.
1990 1952 2046 2037 49)

329 2053 571 2140 historiarum,¹)
615 2055 681 2120 Res
704 2055 858 2120 deductas
881 2074 954 2120 esse
975 2075 997 2119 a
1018 2054 1110 2120 clade
1126 2053 1256 2120 Gallica
1268 2075 1298 2119 a.
1314 2054 1453 2133 3902‘364
1473 2054 1670 2138 fragmentis,
1692 2075 1824 2137 quorum
1845 2055 1967 2120 nullum
1982 2075 2048 2119 rem

329 2160 433 2243 tangit
446 2167 521 2224 aute
536 2159 715 2224 incendium
730 2157 809 2222 illud
824 2156 989 2242 gestaml),
1006 2158 1136 2224 docetur
1150 2178 1254 2241 neque
1269 2165 1377 2222 tamen
1392 2157 1597 2240 significatur,
1621 2157 1734 2241 quibus
1751 2158 1875 2223 caussis
1889 2157 2047 2222 adductus
2114 2157 2115 2160 ’

329 2264 369 2327 ab
392 2264 453 2329 hoc
473 2282 558 2327 anno
580 2261 739 2327 scribendi
761 2260 883 2326 initium
904 2261 1016 2326 fecerit
1039 2261 1201 2328 Claudius.
1224 2281 1415 2344 quamquam
1435 2261 1490 2325 uix
1510 2261 1627 2346 poterit
1648 2260 1794 2339 dubitari,
1815 2260 1891 2343 quin
1917 2259 2049 2324 caedem

329 2365 446 2430 fuerint
472 2385 554 2448 quae
581 2364 680 2446 Liuio,
716 2384 787 2428 curn
815 2364 903 2429 initio
929 2364 1000 2428 libri
1028 2364 1071 2428 Vl
1094 2384 1121 2432 c.
1146 2366 1163 2429 1
1188 2371 1224 2429 se
1251 2365 1407 2436 „clariora
1434 2363 1585 2447 deinceps
1614 2364 1811 2447 certioraque
1838 2365 1878 2429 ab
1907 2364 2050 2428 secunda

330 2468 450 2551 origine
463 2467 548 2532 uelut
558 2467 597 2531 ab
610 2466 880 2549 stirpibuslaetius
888 2465 1088 2550 feraciusque
1097 2473 1228 2532 renatae
1239 2466 1513 2551 urbisgestadomi
1524 2467 1740 2550 militiaeque“
1749 2470 1964 2552 expositurum
1976 2488 2049 2533 csse

331 2569 460 2636 diceret.
482 2589 534 2635 res
560 2570 644 2633 enirn
666 2575 740 2633 ante
755 2568 788 2633 id
805 2576 928 2653 tempus
951 2575 1061 2653 gestas
1084 2590 1155 2634 cum
1169 2576 1329 2634 uetustate
1344 2570 1441 2634 nimia
1457 2571 1608 2635 obscuras
1624 2590 1706 2653 esse,
1729 2572 1818 2636 uelut
1832 2592 1914 2655 quae
1930 2592 2046 2654 magno

331 2690 371 2736 ex
382 2671 549 2737 interuallo
564 2673 627 2737 loci
642 2672 697 2737 uix
712 2680 922 2756 cernerentur,
938 2683 1003 2738 turn
1018 2673 1102 2757 quod
1118 2693 1238 2757 paruae
1253 2680 1285 2738 et
1298 2692 1391 2738 rarae
1404 2693 1462 2757 per
1477 2673 1589 2738 eadem
1604 2681 1747 2758 tempora
1762 2675 1886 2739 litterae
1901 2672 2045 2757 fuissent,

331 2795 395 2839 una
409 2775 554 2841 custodia
567 2774 671 2840 fideIIs
687 2776 856 2840 memoriae
869 2783 1156 2860 rerumgestarum,
1172 2775 1307 2859 ecquod,
1324 2776 1419 2840 etiam
1435 2776 1557 2860 siquae
1574 2776 1606 2840 in
1619 2776 1851 2841 commentariis
1867 2777 2049 2859 pontificum

330 2875 466 2961 aliisque
488 2878 623 2962 publicis
651 2878 847 2962 priuatisque
872 2871 981 2944 essent
1007 2880 1228 2963 monumentis,
1250 2880 1383 2944 incensa
1414 2881 1491 2944 urbe
1512 2881 1685 2963 pleraeque
1711 2879 1916 2948 interiissent.
1949 2879 2047 2964 quid?

331 2985 415 3070 quod
437 2980 629 3048 uerisimile
651 2999 724 3046 csse
749 2980 826 3045 mihi
848 2980 981 3064 uidetur,
1003 2982 1137 3062 Liuium,
1160 3002 1254 3065 quern
1276 2981 1443 3047 Claudiurn
1464 2982 1583 3046 fontem
1611 2982 1811 3066 potissimum
1833 2984 1865 3046 in
1888 2983 1948 3048 boc
1969 2983 2048 3048 libro

332 3095 474 3155 secutum
496 3103 569 3149 esse
592 3083 678 3148 notis
700 3083 817 3149 uostris
839 3084 1033 3160 ostendetur,
1061 3086 1156 3149 etiam
1178 3086 1230 3150 hic
1252 3105 1325 3149 eum
1346 3085 1501 3149 imitatum
1530 3104 1613 3150 esse.
1642 3106 1725 3168 quae
1747 3089 1775 3150 si
1796 3086 1842 3150 ita
1864 3107 1900 3151 se
1921 3088 2048 3170 habent,

334 3191 484 3277 probatur
508 3195 593 3252 certe
608 3185 837 3269 Quadrigarius
851 3187 899 3252 uir
914 3187 997 3253 acris
1012 3193 1108 3271 atque
1130 3187 1202 3253 saui
1221 3187 1319 3252 iudici
1340 3187 1448 3270 luisse,
1470 3187 1658 3271 praesertim
1682 3189 1918 3274 complerique
1940 3210 2046 3254 eorum

333 3294 483 3378 quiante
505 3310 577 3355 eum
599 3289 756 3373 scripsere
778 3310 829 3355 res
851 3291 1012 3358 Romanas
1034 3293 1074 3356 ab
1098 3291 1221 3374 origine
1241 3291 1327 3356 urbis
1350 3291 1543 3375 repetierint

418 3394 600 3477 Conplexus
622 3401 728 3457 autem
751 3399 801 3457 est
821 3392 901 3458 libro
922 3394 1023 3477 primo
1046 3414 1096 3459 res
1119 3395 1159 3459 ab
1182 3415 1211 3462 a.
1234 3395 1374 3477 39Q‘364
1394 3394 1557 3458 minimum
1578 3394 1743 3476 usquead
1766 3415 1795 3462 a.
1817 3392 1957 3474 32Q2'434
1984 3391 2050 3476 (uel

334 3501 362 3567 si
383 3519 461 3565 uera
483 3497 523 3561 de
544 3496 581 3560 fr.
604 3498 646 3562 22
675 3494 830 3578 suspicati
858 3515 975 3578 sumus,
1008 3516 1110 3579 usquc
1132 3497 1174 3561 ad
1196 3518 1225 3562 a.
1247 3496 1409 3582 311f443),
1444 3496 1582 3562 sortasse
1609 3517 1711 3580 usque
1739 3498 1897 3562 adfinem
1920 3497 2049 3561 alterius

331 3603 407 3670 belli
429 3598 595 3666 Samnitici
623 3595 800 3683 (3044350).
855 3598 945 3677 Quae
972 3600 1139 3683 relliquiae
1168 3621 1208 3665 ex
1235 3603 1335 3666 altero
1364 3601 1442 3666 libro
1475 3608 1623 3666 seruatae
1657 3608 1730 3666 sunt
1752 3620 1792 3665 ex
1814 3620 1876 3682 quo
1898 3600 2050 3666 orationis

334 3715 446 3772 tenore
469 3702 640 3785 decerptae
661 3702 734 3783 sint,
756 3700 874 3766 frustra
895 3700 1072 3768 studuimus
1094 3702 1257 3786 indagare,
1279 3724 1452 3787 paucorum
1473 3711 1581 3768 tamen
1595 3724 1749 3768 annorum
1763 3723 1815 3768 res
1831 3724 1868 3768 eo
1885 3711 2050 3768 enarratae

336 3830 408 3876 esse
429 3807 585 3886 uidentur,
609 3824 682 3870 curn
702 3804 820 3868 bellum
841 3812 951 3870 contra
971 3805 1129 3890 Pyrrhum
1149 3815 1275 3890 gestum
1296 3807 1360 3870 iarn
1381 3807 1474 3871 tertio
1496 3807 1575 3872 libro
1596 3812 1782 3892 persecutus
1805 3806 1846 3872 sit
1869 3803 2051 3888 Claudiusll

339 3909 391 3997 (tr.
408 3914 452 3977 40
466 3906 532 3994 41).
555 3927 596 3972 ex
610 3905 723 3972 codem
739 3907 817 3972 libro
833 3907 956 3973 Gellius
978 3907 1096 3973 factum
1118 3908 1278 3991 quoddam
1292 3910 1406 3974 Laberi
1428 3910 1478 3985 (fr.
1493 3913 1545 3975 42.
1561 3912 1615 3988 43)
1637 3910 1765 3992 rettulit,
1788 3909 1872 3993 quod
1887 3909 1920 3972 in
1935 3927 2052 3971 annum

335 4012 473 4095 raedae
495 4009 647 4076 incidisse
667 4015 802 4078 constat.
824 4010 954 4075 undesi
967 4011 1163 4077 memorabili
1178 4011 1316 4094 quadam
1330 4033 1366 4077 rc
1380 4013 1469 4078 libris
1491 4013 1558 4078 suis
1580 4013 1675 4077 tinem
1690 4012 1857 4078 Claudium
1872 4012 2052 4094 inposuisse

335 4115 538 4184 statuendum
566 4120 625 4198 est,
658 4114 776 4178 bellurn
803 4112 1068 4197 Carthaginiense
1095 4115 1230 4199 primum
1265 4118 1357 4182 tertio
1384 4117 1463 4181 libro
1491 4115 1670 4180 absolutum
1698 4136 1770 4181 esse
1797 4115 1960 4200 probabile
1992 4125 2051 4179 est.

335 4219 459 4290 deinde,
488 4218 542 4301 qui
561 4216 622 4283 fnit
642 4237 711 4283 mos
739 4215 959 4281 historicorum
986 4216 1120 4301 illorum,
1154 4225 1316 4284 crescente
1338 4219 1470 4285 materie
1498 4237 1551 4283 res
1578 4219 1757 4284 accuratius
1781 4225 1813 4282 et
1833 4217 1933 4284 fusius
1956 4237 2051 4301 expc-

423 4474 442 4541 1)
460 4471 517 4526 Hos
541 4468 655 4522 annales
679 4468 717 4523 ad
741 4468 858 4523 amicum
881 4467 1000 4535 aliquem
1022 4470 1122 4525 missos
1145 4485 1207 4524 esse
1227 4487 1244 4525 a
1262 4471 1378 4527 Claudio
1395 4470 1580 4538 Giesebrecht,
1607 4471 1654 4538 qui
1679 4471 1810 4541 peculiari
1834 4471 1927 4527 libello
1945 4471 1979 4525 de
1997 4469 2050 4524 hoc

335 4544 465 4611 scriptore
484 4538 628 4608 (Prcnziau
647 4540 725 4604 1831)
743 4539 802 4606 egit
836 4552 870 4592 ex
887 4537 1041 4605 fragmento
1059 4539 1093 4592 ’19
1112 4540 1247 4595 conclusit
1265 4543 1301 4610 (p.
1319 4543 1346 4608 3)
1364 4557 1453 4609 neque
1471 4558 1488 4598 a
1506 4558 1572 4598 uero
1589 4540 1733 4596 aberrasse
1750 4542 1816 4597 mihi
1832 4542 1950 4606 uidetur,
1975 4538 2050 4608 quod

334 4613 483 4697 eristumat
499 4609 606 4689 Krarrm
623 4609 658 4704 (p.
675 4606 728 4661 260
745 4580 820 4678 noti,
838 4608 904 4675 quia
921 4607 1023 4664 diserte
1040 4609 1145 4666 Gellius
1169 4609 1289 4665 addidit:
1311 4612 1490 4683 „principium
1506 4612 1569 4667 libri
1586 4611 1802 4667 duodeuicesimi
1820 4612 1952 4679 scripturn
1969 4622 2050 4665 esse:

334 4684 364 4742 ³¹
380 4678 791 4816 luttrestharra.
808 4747 835 4801 11
852 4762 878 4815 ρ.
896 4745 922 4800 2.

422 4821 442 4888 ³)
459 4818 539 4882 Quod
556 4815 737 4885 fragmentum
755 4830 789 4869 ex
805 4815 945 4871 Prisciano
962 4813 1029 4897 XIII
1045 4831 1071 4884 p.
1090 4816 1142 4871 960
1158 4817 1189 4873 Ρ.
1202 4816 1220 4870 8
1232 4816 1265 4871 Η.
1291 4817 1329 4886 (in
1346 4832 1402 4885 quo
1420 4818 1520 4875 mentio
1537 4816 1570 4874 fit
1590 4817 1699 4891 Pyrrhi)
1716 4820 1752 4876 ad
1769 4820 1869 4876 librum
1885 4818 1913 4875 11
1931 4818 2050 4875 refertur

334 4888 485 4946 aKrausio
503 4892 619 4942 nonest
636 4885 729 4952 Quimi
746 4885 843 4942 Claudi
861 4885 911 4941 sed
929 4884 980 4941 Gar
997 4884 1091 4940 lierni
