4500 5609
1035 481 1056 547 3

185 684 350 768 urebantur,
370 702 447 748 narn
466 681 539 748 libri
560 680 662 766 quinti
681 679 721 747 ir.
741 681 784 748 63
806 680 924 747 mentio
945 683 981 750 tit
1002 684 1104 750 cladis
1126 681 1306 749 Cannensis
1328 677 1505 764 (2161638),
1532 679 1616 747 sexti
1636 680 1674 747 fr.
1696 683 1738 747 67
1761 680 1800 759 Q.
1822 681 1904 749 Fabi

184 786 316 853 Maximi
338 786 479 854 consulis
501 806 532 854 a.
554 783 703 868 213l541.
725 784 787 851 hoc
808 785 888 851 libro
909 784 1047 853 tortasse
1068 786 1186 852 bellum
1208 784 1343 848 alterum
1364 781 1630 867 Carthaginiense
1650 782 1694 849 ad
1719 783 1906 870 11666661-

185 888 285 958 duxit
311 889 391 955 libro
413 888 550 975 6661166
571 887 814 972 adsignauimus
837 888 878 954 66
899 890 1080 955 coniectura
1102 907 1186 972 quae
1211 886 1321 951 Liuius
1349 884 1383 948 in
1409 885 1497 950 libris
1524 886 1668 951 XXXIII
1690 893 1723 952 et
1742 887 1904 954 XXXIIII

185 1012 224 1057 cn
246 1011 284 1058 eo
306 992 448 1059 seruauit
468 983 524 1076 (ex
545 991 638 1056 annis
661 990 1003 1077 trusbut-melosa),
1024 992 1104 1058 libro
1126 997 1241 1057 octauo
1263 1007 1346 1071 quae
1368 985 1500 1054 Orosius
1523 987 1573 1073 (6.
1595 992 1647 1057 68.
1670 988 1725 1075 69)
1754 1010 1796 1056 ex
1816 1012 1901 1059 anno

187 1094 341 1179 14q6083
377 1093 415 1164 fr.
439 1094 756 1161 73617416116666
781 1094 942 1178 pertinent
968 1094 1011 1159 ad
1040 1093 1158 1158 bellum
1180 1092 1406 1159 Numantinum
1438 1092 1571 1175 eiusque
1602 1112 1721 1158 annum
1750 1097 1903 1181 137)617;

184 1198 265 1263 libro
285 1197 378 1263 tertio
399 1195 522 1262 decimo
543 1195 678 1262 reditum
700 1196 822 1262 Caecili
840 1196 961 1262 Metelli
982 1195 1140 1261 Numidici
1162 1194 1205 1280 (a.
1227 1194 1358 1278 saleco)
1380 1200 1567 1261 narrauerat
1587 1195 1739 1263 Claudius
1761 1196 1812 1284 (fr.
1836 1198 1900 1286 76),

184 1300 264 1367 libro
286 1299 544 1366 duodeuicesimo
567 1298 617 1385 (fr.
640 1298 696 1383 80)
718 1291 855 1366 fortasse
875 1299 994 1364 bellum
1015 1298 1185 1365 Marsicum
1207 1295 1361 1384 (881666),
1383 1297 1622 1364 undeuicesimo
1644 1299 1762 1364 bellum
1776 1321 1798 1366 a
1812 1301 1903 1369 Sulla

186 1409 295 1494 contra
321 1402 513 1469 Archelaum
540 1422 570 1470 a.
597 1401 713 1482 871667
740 1407 867 1486 gestum
902 1399 953 1483 (fr.
976 1401 1032 1489 81)
1061 1401 1284 1486 6166611666
1304 1401 1385 1466 Mari
1418 1401 1617 1466 consulatum
1650 1401 1793 1467 eiusdem
1825 1406 1904 1472 anni

185 1504 237 1590 (fr.
252 1509 304 1574 82.
320 1503 386 1591 83).
429 1505 602 1571 Praeterea
616 1505 753 1570 citantur
770 1504 842 1570 libri
864 1525 946 1571 unus
968 1504 1638 1586 61666616666666616666661611166,
1660 1503 1782 1570 nullum
1795 1511 1903 1574 tamen

185 1628 294 1674 eorum
314 1607 527 1691 fragmentum
548 1606 593 1672 ad
622 1613 741 1673 certam
763 1607 924 1690 quandam
950 1627 1018 1673 rem
1044 1614 1239 1673 66166666
1261 1607 1364 1692 potuit
1383 1605 1505 1688 reterri,
1541 1626 1646 1690 nequo
1666 1614 1773 1690 potest
1795 1611 1905 1696 conici,

186 1731 227 1778 ex
248 1730 310 1795 quo
332 1710 411 1776 libro
434 1717 562 1795 sumpta
583 1709 648 1776 s'int
669 1729 752 1793 quae
773 1711 906 1777 Orosius
928 1713 1026 1778 habet
1045 1712 1086 1777 de
1106 1731 1217 1796 pugna
1238 1731 1267 1779 a.
1290 1712 1407 1786 821672
1429 1708 1472 1774 66
1494 1707 1709 1793 Sacriportum
1731 1714 1901 1781 conmissa.

184 1815 260 1881 nolo
281 1821 390 1880 tamen
411 1814 574 1897 refragari,
603 1814 725 1897 siquis
748 1834 819 1880 cum
841 1814 980 1881 Krausio
1003 1812 1048 1900 (p.
1064 1813 1142 1899 247)
1165 1813 1302 1879 desiisse
1317 1812 1485 1878 Claudium
1506 1812 1539 1876 in
1561 1811 1671 1877 Sullae
1692 1821 1793 1879 morte
1814 1834 1905 1880 enar·

184 1920 287 1984 randa
309 1919 488 1988 existumet.

270 2022 422 2100 Quibus
457 2028 563 2086 autem
596 2020 821 2087 rationibus
853 2039 906 2086 res
925 2005 1087 2085 Romrmas
1116 2025 1304 2104 persecutus
1335 2017 1385 2100 611,
1419 2024 1538 2082 certum
1570 2015 1721 2082 iudicium
1753 2017 1828 2085 ferri
1849 2041 1902 2086 66-

185 2126 261 2209 quit,
283 2126 343 2192 666
364 2125 394 2192 61
414 2144 455 2190 ex
476 2124 663 2208 fragmentis
685 2123 843 2208 suspicari
863 2123 949 2206 licet,
970 2123 1074 2207 magis
1097 2143 1170 2188 eum
1184 2142 1236 2188 res
1252 2129 1378 2187 exteras
1394 2140 1489 2203 quam
1504 2118 1696 2187 domesticas
1718 2124 1902 2207 respexIsso

184 2229 252 2294 ueri
275 2228 378 2294 simile
400 2235 458 2311 est,
479 2249 555 2292 nam
576 2227 746 2312 perpaucis
769 2224 813 2310 (8.
835 2226 889 2291 67.
913 2228 963 2292 70.
987 2223 1177 2311 768283)
1201 2225 1343 2309 66666116
1366 2224 1474 2288 omnia
1495 2243 1584 2287 arma
1606 2223 1756 2306 bellaque
1778 2234 1906 2293 sonant.

184 2330 269 2400 hanc
289 2351 366 2397 uero
388 2350 492 2397 rernm
513 2331 727 2396 Romanorum
748 2335 872 2413 partem
893 2335 1041 2394 accurate
1066 2335 1163 2412 atque
1195 2328 1330 2393 uerbose
1362 2326 1551 2411 exposuisse
1574 2333 1606 2390 et
1627 2345 1688 2408 quo
1710 2328 1840 2411 propius
1862 2329 1906 2394 ad

185 2453 277 2499 suam
298 2439 437 2500 aetatem
458 2432 641 2515 accedebat,
678 2451 717 2497 eo
739 2431 833 2497 latior
855 2439 888 2497 61
907 2430 1007 2498 fusior
1039 2430 1141 2498 fuisse
1172 2430 1306 2499 uidetur.
1363 2429 1428 2495 Sed
1448 2449 1513 2494 non
1545 2434 1712 2495 contentus
1739 2432 1826 2496 solas
1853 2452 1905 2498 res

186 2544 297 2621 gestas
320 2537 491 2603 memoriae
513 2536 703 2621 prodidisse,
736 2536 833 2601 etiam
861 2541 961 2600 artem
989 2535 1187 2616 rhetoricam,
1222 2554 1286 2616 qua
1312 2533 1432 2618 primus
1455 2533 1583 2598 Caelius
1604 2533 1773 2617 Antipater
1798 2533 1832 2598 in
1859 2535 1905 2600 hi-

186 2639 285 2705 storia
306 2640 393 2724 apud
413 2638 577 2704 Romanos
599 2658 676 2705 usus
699 2646 758 2713 661,
787 2636 1139 2704 66666116161116616
1165 2637 1322 2702 rhetorica
1349 2636 1438 2702 libris
1461 2636 1528 2701 suis
1549 2636 1690 2701 inseruit.
1724 2636 1795 2718 quis
1819 2638 1904 2705 enim

188 2745 358 2829 epistulam
380 2742 431 2827 (fr.
453 2740 520 2828 41),
543 2763 638 2825 quam
661 2742 696 2808 C.
718 2741 899 2807 Fabricium
921 2740 1012 2818 etQ.
1034 2741 1205 2806 Aemilium
1228 2740 1375 2806 consules
1398 2739 1441 2804 ad
1461 2739 1617 2824 Pyrrhum
1639 2759 1668 2806 a.
1691 2739 1829 2822 arelato
1851 2742 1906 2808 dc·

187 2845 275 2913 disse
297 2847 425 2930 rettulit,
459 2847 499 2912 ab
522 2846 602 2931 ipsis
625 2845 807 2912 consulibus
836 2851 903 2909 tum
930 2843 1142 2927 conscriptam
1165 2862 1237 2909 6666
1260 2841 1421 2927 61666161
1457 2849 1553 2924 atque
1576 2842 1672 2906 etiam
1693 2842 1757 2907 alio
1778 2843 1849 2909 loco
1870 2852 1907 2910 ut

185 2970 238 3016 res
261 2956 438 3034 exornaret,
460 2969 570 3015 uerum
591 2949 817 3035 posthabuisse
839 2946 1043 3029 conuincitur,
1070 2947 1135 3011 166
1157 2965 1241 3011 6666
1263 2947 1402 3026 3611393
1431 2943 1670 3029 (uolsellam)
1693 2945 1730 3010 Τ.
1752 2944 1905 3010 Manlium

186 3054 296 3136 gladi0
309 3052 486 3137 Hispanico
509 3052 646 3118 cinctum
662 3072 733 3117 cum
748 3052 841 3118 Gallo
863 3058 1059 3134 pugnantem
1080 3049 1203 3115 faciens
1219 3047 1270 3131 (ir.
1294 3049 1366 3131 ld,
1390 3068 1453 3130 qua
1468 3047 1500 3112 in
1514 3066 1550 3112 re
1565 3049 1767 3116 consentiunt
1781 3049 1904 3115 Cellius

187 3164 220 3222 et
240 3153 373 3240 Liuius),
396 3176 468 3222 cum
490 3156 544 3220 illo
567 3155 746 3239 gladiorum
767 3173 885 3238 genere
908 3153 1041 3218 1166661
1062 3153 1147 3217 66116
1170 3151 1297 3216 66666
1324 3151 1424 3215 altero
1448 3150 1706 3234 Carthaginiensi
1727 3151 1774 3216 uti
1796 3171 1907 3237 coepe·

186 3261 250 3325 rint
272 3258 325 3345 (61.
340 3257 569 3324 Weissenborn
589 3258 632 3323 ad
652 3258 722 3324 Liu.
738 3257 800 3323 VH
821 3261 870 3339 10,
891 3254 937 3341 6).
959 3256 1097 3338 denique
1111 3253 1192 3319 illud
1205 3252 1343 3319 rhetoris
1359 3260 1418 3338 est,
1441 3251 1526 3336 quod
1540 3252 1580 3318 fr.
1594 3256 1614 3319 9
1629 3260 1761 3318 accusat
1775 3254 1905 3320 deorum

186 3362 385 3446 iniquitatem
420 3360 525 3445 „quod
551 3360 725 3427 deteriores
747 3365 821 3425 sunt
846 3359 1069 3424 incolumiores
1090 3377 1196 3441 neque
1216 3357 1368 3441 optimum
1390 3375 1581 3439 quemquam
1602 3357 1686 3421 inter
1707 3377 1766 3423 nos
1799 3359 1907 3424 sinunt

188 3461 398 3550 diumare.“⁹)

273 3567 405 3633 Genus
433 3566 633 3633 scribendi
658 3567 777 3632 hhouto
798 3564 819 3632 1.
843 3584 870 3630 6.
893 3584 920 3630 6.
943 3571 975 3629 61
996 3564 1120 3631 Cellius
1143 3565 1274 3630 summis
1295 3563 1443 3630 laudibus
1467 3563 1609 3645 effemnt,
1642 3582 1775 3645 qnorum
1795 3565 1850 3629 ille
1870 3562 1905 3628 id

187 3671 329 3757 lepidum
350 3671 451 3736 fuisse
473 3670 558 3749 dicit,
585 3669 709 3736 Cellius
725 3668 892 3733 Claudium
916 3667 1037 3751 „uirum
1051 3666 1188 3732 modesti
1203 3675 1299 3749 atque
1313 3666 1384 3750 puri
1399 3671 1431 3730 et
1446 3684 1546 3750 prope
1561 3664 1712 3730 cotidiani
1727 3667 1902 3732 sermonis“

188 3773 283 3860 (XIII
304 3776 355 3856 29,
378 3773 421 3859 2),
451 3774 551 3838 Manli
568 3780 729 3839 cemamen
750 3771 930 3855 ,purissime
951 3776 1048 3852 atque
1069 3770 1294 3836 inlustrissime
1316 3768 1515 3852 simplicique
1536 3775 1569 3833 et
1589 3769 1771 3852 incorrupta
1793 3768 1905 3833 oratio-

187 3879 239 3944 nis
259 3878 412 3960 antiquae
434 3877 604 3942 suauitate‘
625 3876 837 3972 descripsisse
865 3873 971 3960 (VIIII
995 3874 1044 3956 13,
1066 3871 1116 3956 4);
1146 3873 1209 3938 alio
1231 3873 1302 3938 loco
1330 3869 1405 3955 (XV
1420 3874 1450 3951 1,
1465 3869 1500 3954 4)
1527 3871 1626 3935 uerba
1640 3869 1754 3935 Claudi
1774 3871 1906 3954 ,optumi

166 3989 167 3994 ’
188 3987 222 4046 61
243 3979 450 4047 sincerissimi
477 3980 651 4066 scriptoris‘
684 3979 804 4063 laudat,
832 3978 897 4042 alia
923 3976 1047 4055 poetice
1073 3974 1181 4058 (XVII
1208 3977 1237 4059 2,
1260 3971 1305 4058 3),
1338 3972 1474 4038 iucunde
1497 3979 1684 4039 61666666
1710 3970 1744 4057 (6
1765 3968 1810 4056 6),
1841 3993 1906 4040 666

188 4123 217 4130 ι..
226 4123 240 4129 .-
249 4119 491 4130 --mffl

279 4187 298 4252 ¹)
316 4185 346 4241 Si
362 4189 438 4240 recto
454 4183 507 4238 Th.
523 4182 672 4239 Mommsen
690 4183 781 4238 Herna
799 4187 812 4237 l
828 4198 854 4251 p.
874 4181 924 4235 169
946 4194 1019 4248 quae
1040 4179 1148 4234 rettulit
1164 4179 1269 4235 Cellius
1286 4176 1327 4230 VI
1347 4176 1421 4244 (VII)
1444 4175 1486 4244 19,
1511 4175 1578 4230 1-7
1597 4189 1631 4231 ex
1649 4174 1773 4231 Cornelio
1790 4176 1905 4246 Nepote,

187 4255 224 4310 ad
242 4255 340 4311 Claudi
358 4255 552 4309 auctoritatem
578 4253 721 4308 referenda
739 4268 800 4308 esse
819 4251 976 4318 auspicatus
999 4255 1050 4312 661,
1077 4250 1159 4304 etiam
1187 4249 1242 4303 duo
1271 4246 1362 4300 edicta
1388 4245 1542 4314 tribunicia,
1570 4258 1641 4312 quae
1667 4245 1782 4300 Inseruit
1801 4246 1905 4306 Gellius

187 4327 213 4390 (ς
231 4324 248 4377 6
266 4323 348 4393 617),
375 4340 392 4377 6
410 4323 525 4380 Claudio
542 4321 635 4375 efficta
653 4329 725 4377 6661.
746 4352 780 4361 -
800 4320 905 4377 Deinde
923 4319 988 4373 mihi
1006 4318 1087 4373 etiam
1112 4334 1183 4387 quae
1211 4322 1323 4372 exstant
1349 4317 1484 4384 epistulae
1503 4314 1599 4384 Pyrrhi
1625 4315 1699 4382 regis
1717 4320 1746 4368 61
1762 4316 1793 4369 Ρ.
1813 4315 1905 4370 Valeri

186 4395 301 4449 1666161
318 4394 393 4462 apud
411 4395 525 4465 Dionys.
543 4391 638 4446 XVIII
656 4393 759 4446 15-18
776 4407 811 4445 ex
829 4391 927 4446 Claudi
945 4386 1435 4457 61666666666616616661666166.
1453 4386 1568 4454 primum
1579 4384 1651 4438 enim
1669 4384 1820 4439 simillimae
1838 4390 1904 4440 aunt

188 4465 223 4528 61,
241 4478 313 4531 quae
331 4462 384 4519 sub
402 4465 461 4518 eius
479 4463 588 4519 nomine
600 4477 618 4516 a
629 4462 716 4516 Gellio
728 4461 807 4517 nobis
819 4460 922 4515 hadita
936 4465 987 4528 est,
1007 4458 1185 4527 eiusdemque
1197 4455 1313 4513 rhetoris
1332 4455 1448 4510 artificia
1465 4453 1597 4513 redolent
1615 4460 1699 4522 atque
1716 4470 1777 4509 cum
1794 4454 1903 4510 omniuo

187 4534 321 4604 Dionysio
339 4533 484 4589 Claudium
501 4531 575 4587 haud
594 4532 718 4600 ignotum
736 4529 821 4585 161666
838 4530 909 4585 iufra
926 4530 1113 4598 ostendemus,
1133 4536 1190 4582 tum
1204 4529 1231 4581 16
1245 4524 1342 4597 Pyrrhi
1358 4525 1430 4580 bello
1442 4524 1538 4581 Claudi
1555 4525 1718 4578 auctoritate
1735 4539 1796 4577 eum
1813 4524 1903 4579 nisum

186 4618 250 4658 6666
267 4619 306 4658 ex.
319 4619 353 4658 ea
369 4617 399 4657 re
416 4603 540 4671 adparet,
556 4602 631 4668 quod
642 4600 816 4667 Plutarchus,
834 4601 927 4668 quiin
944 4599 997 4653 hac
1014 4600 1088 4653 uitae
1105 4605 1185 4667 parte
1202 4596 1365 4667 Dionysium
1378 4594 1573 4663 6666666611,
1591 4594 1688 4648 66666
1699 4592 1819 4662 prodidit
1830 4607 1904 4661 quae

187 4673 321 4730 Claudius
339 4672 406 4739 (616.
425 4674 517 4727 adnot
536 4671 572 4726 ad
590 4670 622 4724 fr.
639 4670 694 4736 to).

276 4749 298 4810 ²)
315 4743 431 4797 Prorsus
450 4742 565 4797 ridicula
583 4746 648 4795 eunt
665 4753 736 4808 quae
754 4737 864 4793 Cloaset
880 4736 964 4798 (66661
982 4751 1030 4790 sur
1046 4732 1225 4802 l'historiogr.
1243 4732 1386 4787 docitem.
1404 4747 1431 4800 p.
1448 4731 1511 4799 498)
1529 4731 1677 4786 declamat:
1703 4727 1743 4797 „Il
1761 4742 1796 4782 66
1813 4729 1904 4784 savait

187 4829 239 4883 666
256 4812 411 4868 embrasser
427 4813 456 4866 Ia
472 4813 517 4866 rie
534 4812 600 4865 d‘un
617 4824 688 4878 coup
706 4809 787 4864 d’oeil
803 4807 1020 4876 philosophique,
1038 4810 1066 4860 et
1083 4806 1124 4859 las
1142 4809 1269 4872 rapports
1288 4804 1323 4858 de
1340 4802 1440 4857 l’ordre
1459 4801 1569 4857 hnmain
1586 4815 1656 4855 avec
1672 4797 1771 4853 l'ordro
1781 4797 1857 4853 divin
1868 4814 1904 4853 nc

189 4886 229 4939 lui
245 4882 463 4953 apparatasaient
479 4896 577 4936 encore
594 4895 648 4948 que
665 4880 752 4935 vuilda
770 4879 805 4934 de
823 4878 887 4933 bien
904 4877 954 4931 des
971 4874 1195 4931 contradictione.
1230 4874 1270 4928 La
1287 4877 1345 4928 sort
1362 4871 1398 4927 de
1414 4872 1443 4927 la
1453 4878 1549 4928 vertue
1566 4886 1614 4926 sur
1630 4869 1659 4923 la
1675 4873 1748 4924 torre
1765 4869 1833 4924 etait
1849 4883 1904 4923 666

190 4954 298 5024 enigma
315 4968 386 5023 pour
401 4953 455 5007 lut:
472 4952 543 5007 Nam
562 4951 631 5006 haec
647 4950 765 5006 maximo
783 4952 911 5004 uersatur
929 4946 1042 5003 deorum
1059 4945 1200 5015 imquitas,
1218 4943 1292 5011 quod
1310 4941 1382 4998 oto.“
