4500 5609
1204 466 1226 530 4

355 668 483 738 insuaui
509 671 670 734 uetustate
698 662 822 751 (810),
850 665 1015 750 eleganter
1036 664 1072 751 (ὅ
1094 668 1162 754 23),
1195 689 1259 735 non
1282 665 1398 735 inscite
1423 686 1484 732 nec
1504 665 1705 749 ineleganter
1736 665 1771 752 (ξ
1793 667 1851 751 26)
1880 666 1968 733 dicta
2001 685 2076 735 esse

357 774 537 841 existumat
560 769 619 837 sed
640 788 832 854 perparuam
847 788 922 835 esse
935 768 1032 835 lidem
1052 769 1235 837 habendam
1255 791 1349 837 nemo
1365 769 1470 836 nescit
1482 769 1530 835 eis
1545 768 1681 853 iudiciis,
1703 790 1787 854 quae
1802 771 1843 836 ab
1857 771 1943 836 illius
1958 771 2075 838 aetatis

354 877 560 962 scriptoribus
581 872 623 938 de
649 872 862 958 superioubus
889 871 977 955 fiunt,
1010 892 1106 956 quam
1128 874 1168 939 ob
1190 894 1257 940 rem
1283 881 1392 940 nostro
1413 873 1516 939 blarte
1543 871 1683 956 quidde
1704 872 1839 939 Claudio
1871 872 2076 940 indicandum

354 982 406 1065 sit,
428 1000 469 1047 ex
489 979 570 1064 ipsis
590 975 754 1060 relliquiis,
775 994 859 1058 quae
879 974 986 1041 uerbis
1008 995 1072 1041 non
1094 977 1284 1043 conmutatis
1306 975 1443 1042 traditae
1464 982 1547 1058 sunt,
1569 975 1731 1059 conligere
1754 975 1947 1045 conabimur.

440 1081 588 1149 Omnium
602 1080 737 1165 primum
752 1078 785 1143 in
801 1078 848 1144 eis
869 1077 1049 1144 inueuimus
1066 1079 1227 1146 concisum
1242 1078 1403 1162 quoddam
1424 1085 1521 1162 atque
1535 1084 1632 1145 tenue
1646 1077 1774 1145 dicendi
1791 1098 1903 1162 genus,
1925 1078 2074 1145 membris

352 1187 503 1254 breuibus
530 1191 627 1268 atque
648 1180 782 1266 presule,
810 1180 845 1246 id
866 1179 951 1264 quod
976 1182 1115 1247 maxime
1142 1181 1256 1247 adrisit
1276 1181 1390 1248 Gelliis
1412 1187 1446 1246 et
1466 1180 1688 1264 Frontonibus,
1720 1173 1879 1264 nusquam
1900 1181 2076 1247 ubertatem

354 1296 411 1356 aut
432 1287 566 1373 copiam,
603 1284 746 1352 omnibus
784 1282 863 1349 locis
898 1283 1120 1366 antiquitatem
1149 1293 1245 1367 atque
1266 1283 1475 1350 ieiunitatem.
1510 1282 1550 1348 ci
1571 1282 1609 1349 fr.
1633 1286 1690 1350 70:
1724 1280 1871 1366 ,Romam
1892 1283 1989 1367 uenit,
2021 1284 2076 1349 uix

354 1398 494 1477 superat,
527 1390 604 1473 quin
625 1386 802 1472 triumphus
825 1386 1034 1453 decematur.‘
1059 1387 1097 1453 ir.
1122 1388 1177 1453 76:
1204 1385 1370 1468 ,Contione
1392 1385 1527 1452 dimissa
1547 1385 1695 1452 Metellus
1715 1386 1751 1451 iu
1771 1385 1964 1472 Capitolium
1984 1387 2074 1481 qenit

355 1515 426 1561 cum
449 1492 633 1560 mortalibus
654 1490 772 1556 multis.
794 1488 870 1555 inde
892 1489 1018 1556 domum
1033 1489 1252 1574 proficiscitur.
1274 1494 1342 1555 tota
1363 1489 1477 1555 ciuitas
1500 1507 1573 1553 enm
1594 1487 1741 1554 reduxit‘
1761 1488 1799 1559 fr.
1814 1492 1872 1558 81:
1893 1489 2002 1574 ,uenit
2022 1508 2074 1555 ac·

355 1598 461 1682 cessit,
488 1596 578 1680 ligna
604 1592 753 1677 subdidit,
786 1593 946 1659 submouit
971 1593 1122 1677 Graecos,
1155 1592 1262 1676 ignem
1290 1591 1441 1660 admouit
1480 1591 1560 1657 satis
1583 1597 1658 1658 suut
1678 1589 1734 1656 diu
1761 1592 1877 1676 conati,
1903 1611 2076 1675 numquam

356 1702 524 1787 quiuerunt
544 1696 728 1764 incendere:
760 1696 807 1762 ita
825 1695 1002 1761 Archelaus
1035 1714 1161 1762 omnem
1194 1694 1361 1761 materiam
1392 1695 1557 1761 obleuerat
1577 1693 1727 1761 alumine.
1759 1694 1846 1778 quod
1867 1694 1959 1760 Sulla
1979 1701 2075 1778 atque

354 1804 473 1871 milites
493 1800 698 1881 mirabantur,
732 1805 765 1864 ct
784 1805 955 1884 postquam
975 1818 1040 1864 non
1062 1796 1235 1881 succendit,
1270 1796 1398 1863 reduxit
1417 1796 1550 1881 copias‘
1585 1816 1669 1880 quae
1698 1796 1838 1863 breuitas
1866 1798 2077 1863 membrorum

355 1925 546 1992 quamquam
567 1902 672 1970 minus
699 1903 834 1968 molesta
855 1901 961 1968 estin
981 1900 1187 1985 amplioribus
1209 1899 1417 1966 certaminum
1439 1899 1604 1965 Gallorum
1624 1899 1859 1968 narrationibus
1890 1898 1942 1984 (ir.
1966 1897 2021 1966 10b
2043 1905 2077 1964 et

356 2009 411 2094 12)
434 2015 466 2074 et
486 2025 677 2092 quamquam
698 2006 732 2071 in
753 2005 892 2091 epistula
913 2004 957 2070 ad
977 2004 1134 2088 Pyrrhum
1155 2003 1233 2070 data
1254 2001 1305 2088 (fr.
1326 2000 1384 2088 41)
1405 2001 1493 2068 baud
1514 2004 1632 2086 exigua
1652 2002 1738 2069 inest
1759 2010 1792 2069 et
1811 2003 1981 2068 uerborum
2002 2021 2074 2085 gra·

356 2113 442 2179 uiae
457 2117 491 2176 et
504 2108 743 2191 sententiarum,
765 2107 834 2173 lieri
848 2127 928 2174 sane
941 2127 1005 2173 non
1021 2108 1133 2191 potuit,
1154 2107 1231 2194 quin
1246 2106 1327 2173 baec
1341 2106 1470 2173 siccitas
1486 2106 1525 2190 ei,
1547 2106 1602 2190 qui
1622 2107 1756 2172 multum
1778 2106 1912 2189 legebat,
1935 2104 2076 2171 taedium

354 2219 498 2282 moueret
522 2219 619 2296 atque
645 2212 699 2277 uel
720 2208 817 2277 Gellii
844 2217 878 2275 ct
897 2210 1076 2277 Frontones
1102 2228 1215 2275 uereor
1241 2229 1283 2274 ne
1308 2208 1413 2292 magis
1449 2209 1598 2275 admirati
1633 2209 1698 2275 sint
1719 2215 1752 2274 et
1771 2208 1941 2292 laudarint,
1977 2227 2075 2293 qnam

234 2314 243 2337 ‘
354 2324 459 2405 ipsum
480 2316 649 2385 Claudium
672 2313 841 2382 noluerint
884 2313 1010 2379 accedit
1041 2312 1137 2394 enim,
1173 2310 1258 2395 quod
1279 2310 1313 2376 iu
1334 2317 1425 2376 tanta
1457 2312 1626 2378 uerborum
1657 2311 1863 2397 simplicitate
1884 2325 1938 2378 *ne
1956 2313 2074 2398 planus

225 2413 230 2424 ⁴
354 2424 484 2510 quidem
504 2420 649 2488 omnibus
670 2417 751 2484 locis
772 2416 840 2501 tuit,
867 2423 903 2482 ut
923 2416 957 2481 iu
976 2415 1015 2483 ir.
1038 2417 1089 2500 85,
1115 2416 1171 2481 ubi
1191 2433 1352 2500 exponere
1373 2413 1489 2499 studet,
1526 2414 1603 2498 quid
1624 2414 1758 2497 intersit,
1794 2421 1898 2481 utrum
1919 2415 2072 2499 sagittam

354 2534 452 2611 atque
473 2522 615 2609 lapidem
636 2520 785 2587 deorsum
805 2539 849 2585 au
870 2538 995 2585 sursum
1016 2518 1135 2587 mittas.
1189 2518 1287 2584 Porro
1308 2517 1396 2583 haud
1421 2537 1541 2601 magna
1571 2517 1797 2583 uocabulorum
1829 2518 1924 2603 copia
1945 2517 1976 2584 ei
1996 2537 2071 2602 sup

354 2628 521 2715 peditasse
541 2624 668 2690 uidetur
689 2629 786 2706 atque
812 2621 999 2688 circumcisa
1019 2621 1053 2685 in
1067 2620 1308 2688 narrationibus
1335 2620 1400 2686 ibis
1433 2619 1556 2686 duabus
1590 2617 1641 2706 (ir.
1666 2617 1730 2686 10⁵·
1745 2617 1798 2705 12)
1831 2627 1883 2686 est
1903 2617 2075 2703 eloquendi

354 2730 505 2811 usnemu,
526 2745 598 2793 cum
619 2744 719 2809 saepe
740 2745 804 2791 non
827 2725 929 2791 solum
951 2723 1131 2790 sententiae
1158 2723 1217 2789 sed
1238 2723 1335 2790 etiam
1356 2725 1455 2791 uerba
1476 2723 1634 2807 quaedam
1654 2723 1796 2790 interae
1817 2721 2075 2807 respondeant¹)

353 2851 459 2916 neque
479 2831 583 2897 Gellio
605 2829 769 2897 adsentior
793 2827 947 2911 laudanti,
980 2825 1065 2910 quod
1088 2825 1139 2910 (lr.
1161 2823 1195 2911 8)
1215 2825 1357 2911 formam,
1390 2826 1485 2911 facta,
1508 2827 1731 2911 eloquentiam,
1760 2824 1958 2911 dignitatem,
1995 2824 2074 2891 acri·

354 2936 503 3019 moniam,
526 2933 750 3000 confidentiam
770 2930 891 2998 bomini
913 2929 1039 2996 cuidam
1060 2927 1233 3012 ,maficum‘
1252 2930 1353 2997 luisse
1373 2930 1417 2996 ad
1437 2949 1506 2997 rem
1525 2951 1559 3016 p.
1581 2930 1788 2997 euertendam
1808 2929 1899 2996 dixit

440 3037 484 3103 vt
504 3036 546 3103 de
566 3034 655 3102 fide
675 3055 781 3121 pauca
801 3053 958 3110 moneam,
991 3032 1055 3099 nisi
1076 3031 1162 3116 qnod
1189 3052 1273 3115 quae
1294 3040 1370 3100 ante
1391 3032 1517 3099 cladem
1539 3031 1697 3100 Gallicam
1717 3033 1805 3099 facta
1830 3037 1923 3098 erant
1948 3031 2076 3098 omnino

355 3140 500 3208 omittere
521 3159 616 3222 quam
636 3158 749 3224 parum
771 3137 939 3221 explorata
958 3134 1098 3221 prolerre
1119 3136 1240 3211 maluit,
1269 3137 1404 3203 eandem
1426 3136 1579 3203 historiae
1599 3136 1686 3202 uiam
1707 3156 1803 3222 quam
1824 3136 1880 3219 qui
1900 3141 1975 3202 aute
2003 3153 2076 3200 eum

355 3244 513 3328 scripsere
533 3241 699 3325 ingressus
721 3260 795 3307 csse
815 3247 912 3324 atque
932 3238 967 3303 in
988 3237 1133 3323 plurimis
1153 3240 1249 3305 rebus
1271 3259 1343 3306 cum
1363 3240 1437 3307 aliis
1458 3239 1674 3325 scriptoribus,
1705 3238 1761 3322 qui
1783 3237 1914 3304 easdem
1934 3256 1987 3304 res
2008 3255 2075 3301 me-

355 3345 475 3413 moriae
495 3343 711 3430 prodiderunt,
733 3341 860 3408 uidetur
881 3342 1095 3425 consensisse,
1118 3342 1194 3426 quia
1214 3342 1348 3425 Liuium,
1371 3343 1426 3426 qui
1440 3362 1479 3409 eo
1492 3343 1527 3408 in
1541 3342 1649 3409 multis
1664 3341 1753 3408 libris
1768 3341 1863 3407 simul
1877 3361 1950 3407 cum
1963 3340 2075 3423 Fabio,

354 3448 485 3516 Valerio
505 3447 645 3530 dudam,
679 3446 752 3512 aliis
773 3444 861 3511 fonte
887 3464 964 3511 usus
986 3451 1045 3527 est,
1082 3445 1153 3510 sine
1175 3444 1270 3511 dubio
1292 3452 1597 3512 conmemoraturum
1617 3444 1718 3511 inisse
1745 3445 1888 3527 arbitror,
1925 3443 1954 3510 si
1975 3442 2075 3507 multa

355 3550 450 3618 aliter
470 3549 504 3614 in
525 3549 595 3616 eius
617 3548 787 3614 annalibus
809 3567 904 3631 quam
925 3546 960 3612 in
981 3547 1096 3613 ceteris
1117 3546 1303 3613 inuenisset
1325 3553 1360 3612 at
1380 3566 1456 3613 uero
1476 3546 1590 3632 paucis
1604 3547 1684 3613 locis
1699 3553 1796 3630 atque
1809 3546 1843 3611 in
1856 3546 1952 3610 rebus
1967 3543 2076 3628 exigui

355 3652 507 3721 momenti
528 3651 697 3718 Claudium
722 3650 966 3717 dissentientem
992 3670 1029 3716 se
1054 3650 1174 3716 babere
1203 3649 1322 3716 scribit
1372 3650 1412 3715 In
1438 3649 1551 3735 primis
1583 3638 1691 3715 autem
1713 3649 1822 3715 Valeri
1843 3647 1981 3716 Antiatis
2004 3647 2076 3713 eius

355 3757 491 3824 historm
511 3754 674 3821 simillima
699 3753 768 3835 fuit,
795 3773 930 3837 quocum
951 3773 973 3818 a
993 3752 1083 3819 Liuio
1105 3771 1206 3837 saepe
1226 3753 1260 3818 in
1282 3752 1450 3820 scribendo
1473 3759 1507 3818 et
1526 3752 1689 3818 adhibitus
1709 3757 1743 3817 et
1761 3750 1911 3818 laudmus
1933 3758 1992 3818 est
2015 3748 2075 3817 sed

357 3880 430 3926 cum
450 3856 579 3924 Valerio
600 3856 786 3941 turpissima
813 3855 960 3923 mendaci
985 3862 1062 3921 uota
1083 3856 1124 3923 ab
1146 3875 1185 3922 eo
1206 3849 1313 3923 inu'sta
1335 3855 1385 3939 sit,
1417 3863 1454 3921 ut
1474 3856 1543 3923 eius
1564 3855 1804 3939 uaniloquentia
1823 3875 1928 3942 paene
1949 3855 1983 3920 in
2003 3873 2075 3938 pro

356 3962 500 4027 uerbium
520 3959 644 4043 abierit,¹
665 3959 706 4024 de
727 3959 789 4025 hoc
809 3958 923 4024 melius
945 3957 1111 4024 iudicatur.
1135 3978 1325 4041 quamquam
1347 3959 1403 4025 uix
1423 3958 1540 4043 dignus
1562 3965 1622 4025 est
1643 3960 1830 4044 plerumque
1849 3959 1934 4026 enim
1947 3957 1982 4022 in
1996 3955 2077 4042 ipsis

356 4062 498 4130 numeris
528 4061 695 4147 augendis,
730 4062 765 4128 id
786 4060 872 4145 quod
893 4060 1031 4126 maxime
1053 4059 1182 4127 Valerio
1216 4061 1339 4127 crimini
1372 4069 1423 4128 est
1450 4062 1559 4128 datum
1580 4082 1601 4127 a
1622 4060 1713 4127 Liuio
1742 4062 1811 4129 eius
1839 4060 1976 4135 aemulo,
2012 4077 2077 4124 non

358 4165 491 4232 multum
512 4164 599 4231 cedit
611 4163 733 4230 Antiati
754 4162 806 4245 (of.
821 4162 859 4230 fr.
875 4165 926 4231 62.
942 4160 999 4248 68)
1021 4169 1117 4246 atque
1138 4184 1203 4229 uno
1223 4163 1294 4230 loco
1316 4162 1366 4250 (ir.
1382 4162 1448 4251 66),
1470 4164 1524 4229 ubi
1538 4162 1686 4231 Valerius
1708 4165 1820 4232 decem
1842 4162 1963 4228 milium
1976 4160 2077 4228 caede

360 4272 528 4336 contentus
549 4265 616 4349 fuit,
637 4268 692 4333 uel
712 4265 925 4350 quadraginta
945 4264 1034 4331 milia
1056 4284 1153 4331 caesa
1175 4285 1249 4332 esse
1270 4274 1381 4336 auctor
1400 4267 1469 4332 luit
1496 4285 1579 4350 quae
1601 4285 1671 4334 cum
1692 4287 1745 4333 res
1764 4267 1811 4332 ita
1832 4263 1905 4348 siut,
1927 4264 2024 4330 etiam
2043 4262 2076 4328 X

357 4374 410 4455 30,
431 4373 454 4436 4
474 4366 599 4434 linium
619 4367 704 4434 hunc
725 4367 891 4434 claudium
913 4366 947 4432 in
968 4367 1073 4433 auimo
1095 4366 1247 4435 babuisse
1269 4369 1390 4455 opinor,
1411 4374 1581 4455 postquam
1601 4389 1743 4455 pugnam
1759 4367 1802 4433 ad
1817 4367 1984 4434 Sentinum
2002 4385 2076 4432 con·

358 4474 492 4539 missam
513 4469 669 4554 exposuit,
692 4471 739 4537 sic
759 4476 961 4557 pergentem:
984 4489 1114 4554 ,magna
1136 4469 1205 4536 eius
1227 4470 1300 4556 diei,
1322 4491 1384 4556 qno
1405 4470 1440 4537 in
1454 4469 1613 4537 Sentinati
1635 4491 1714 4556 agro
1736 4470 1895 4552 bellatum,
1918 4470 2005 4535 fama
2026 4475 2077 4535 est

359 4574 456 4640 etiam
478 4592 554 4640 uero
576 4572 686 4638 stanti:
721 4575 781 4640 sed
802 4571 1003 4658 superiecere
1024 4571 1154 4655 quidam
1175 4572 1323 4658 augendo
1344 4573 1450 4657 fidem,
1482 4573 1537 4656 qui
1557 4574 1591 4639 in
1611 4571 1752 4640 bostium
1777 4574 1918 4640 exercitu
1934 4572 2077 4657 peditum

358 4675 488 4742 deciens
504 4680 639 4741 centena
651 4673 740 4739 milia
755 4672 811 4760 (de
825 4673 916 4741 codd
932 4673 1086 4753 scriptura
1100 4674 1164 4744 uid.
1179 4675 1407 4741 Weissenborn
1421 4695 1452 4744 a.
1462 4675 1494 4741 b.
1504 4675 1552 4760 1.),
1574 4674 1716 4757 equitum
1735 4694 1793 4741 sex
1808 4682 1841 4742 et
1862 4674 2076 4759 quadraginta

356 4778 456 4861 milia,
477 4778 565 4844 mille
577 4783 798 4860 carpentorum
812 4776 969 4862 scripsere
984 4776 1092 4859 luisse,
1115 4777 1239 4845 scilicet
1259 4799 1330 4845 cnm
1343 4777 1470 4844 Vmbris
1485 4776 1674 4860 Tuscisque,
1695 4797 1776 4861 quos
1791 4786 1824 4845 et
1837 4778 1926 4862 ipsos
1947 4796 2077 4862 pugnae
2207 4861 2211 4868 ¹

449 4950 468 5020 ¹)
485 4946 557 5004 Vide
574 4961 646 5015 quae
663 4944 793 5002 adnotard
811 4944 848 5000 ad
863 4944 895 5001 lr.
914 4943 956 5001 12.
