4500 5609
1143 472 1310 537 18‘

299 670 508 758 modesteque
530 672 671 759 obuiam3
705 683 738 739 et
758 672 1004 758 congrediuntur
1025 681 1058 740 ct
1079 675 1257 743 consistunt
1276 680 1309 739 et
1330 673 1576 740 conserebantur
1596 674 1662 740 iam
1681 694 1805 741 manus
1848 674 1953 758 Atque
1973 672 2019 739 ibi

300 774 351 840 uis
372 775 532 859 quaedam
559 775 668 841 diuina
694 775 743 842 fit:
777 796 890 843 coruus
917 784 1050 861 repente
1075 777 1257 862 inprouisus
1284 776 1417 843 aduolat
1438 784 1471 843 et
1492 797 1588 863 saper
1609 778 1737 863 galeam
1758 777 1876 844 tribuni
1897 776 2017 844 insistit

300 883 397 961 atqua
418 876 494 943 iude
515 878 548 943 in
569 877 747 944 aduersarii
773 898 810 945 os
832 884 929 963 atque
954 880 1063 947 oculos
1089 900 1234 965 pugnare
1261 881 1384 966 incipit3
1416 881 1567 964 insilibat,
1593 883 1783 948 obturbabat
1803 887 1837 946 et
1855 880 2014 965 unguibus

299 998 429 1046 manum
449 979 592 1046 laniabat
612 989 645 1046 et
665 990 868 1066 prospectum
889 983 949 1049 alis
970 984 1102 1076 arcebat
1126 994 1232 1067 atque,
1262 984 1317 1049 ubi
1343 984 1422 1050 satis
1450 983 1619 1068 saeuierat,
1649 985 1815 1050 reuolabat
1834 983 1868 1048 in
1888 982 2015 1067 gmeam

299 1081 427 1149 tribum.
470 1081 525 1149 Sic
545 1083 689 1150 tribunus
722 1093 887 1169 spectante
912 1095 1045 1170 unoque
1072 1087 1212 1152 exercitu
1245 1093 1278 1152 et
1298 1107 1359 1153 sua
1385 1087 1500 1152 uirtute
1526 1087 1620 1154 umus
1649 1093 1683 1153 et
1710 1106 1808 1171 opera
1834 1083 1920 1151 alitis
1947 1104 2017 1169 pro

299 1193 462 1271 pugnatus
496 1186 609 1253 ducem
636 1187 774 1254 hostium
799 1188 1029 1255 ferocissimum
1055 1190 1133 1256 uicit
1158 1190 1377 1274 interfecitque
1398 1190 1556 1274 atquem
1578 1189 1662 1256 banc
1683 1208 1815 1255 eausam
1840 1206 2017 1272 cognomen

301 1287 412 1354 babuit
434 1288 600 1358 Coruinus.
643 1288 682 1355 ld
703 1290 821 1355 factum
843 1299 894 1358 est
914 1292 1008 1359 annis
1030 1292 1270 1377 quadringentis
1291 1294 1431 1377 quinque
1450 1299 1526 1377 post
1545 1292 1677 1358 Romam
1699 1290 1869 1359 conditam.

386 1390 436 1462 13.
485 1391 564 1460 dec.
584 1415 615 1455 a.
636 1393 703 1455 Art.
725 1393 841 1457 XVII
858 1398 888 1478 2,
909 1397 946 1462 4:
990 1395 1097 1461 Verba
1118 1414 1160 1460 ex
1181 1393 1220 1473 Q
1242 1395 1356 1462 Claudi
1382 1395 1482 1475 primo
1508 1395 1632 1461 annali:
1653 1435 1698 1447 -
1718 1394 1776 1478 us,
1804 1393 1914 1478 inquit,
1941 1390 2018 1457 dum

300 1492 388 1579 dunt,
409 1496 514 1561 Latini
536 1495 671 1586 subnixo
693 1496 799 1562 animo
823 1494 922 1584 [Non.
943 1522 969 1566 r.
990 1523 1020 1563 a.
1042 1500 1203 1562 romaum
1218 1522 1253 1582 p.
1273 1501 1352 1566 405:
1374 1499 1396 1578 †
1418 1496 1546 1565 Coelius
1567 1498 1677 1564 annali
1698 1499 1727 1564 I:
1750 1498 1799 1563 iia
1816 1495 1924 1562 latini
1944 1495 2016 1561 sub

300 1597 377 1664 nixo
399 1594 623 1700 animolsscx
644 1599 777 1666 uictoria
796 1600 891 1666 inerti
912 1601 1220 1669 consiliamineunt.

149 1741 151 1746 ·
219 1682 287 1769 2⁸⁸2
389 1698 460 1770 14.l
475 1701 557 1785 {Lim
590 1702 685 1765 VIII
708 1705 835 1786 19,12:
879 1704 1086 1772 Conlaudatis
1112 1704 1277 1771 Fundanis
1305 1704 1416 1771 consul
1447 1702 1496 1790 (ir
1517 1703 1662 1770 Plautius
1684 1699 1810 1788 Venox)
1841 1699 2018 1782 litterisque

223 1777 278 1836 ⁴⁹⁴
304 1802 439 1870 Romam
463 1802 582 1886 missis,
611 1804 645 1869 in
672 1804 776 1872 officio
802 1807 975 1876 Fundanos
1001 1828 1085 1892 esse,
1111 1807 1154 1874 ad
1174 1808 1360 1874 Priuernum
1380 1805 1471 1872 flexit
1489 1807 1559 1874 iter.
1588 1806 1679 1892 prius
1705 1804 1961 1871 animaduersum
1982 1801 2016 1867 iu

304 1924 368 1989 eos,
396 1906 451 1990 qni
472 1906 580 1990 capita
606 1908 831 1976 coniurationis
856 1910 990 1994 fuerant,
1013 1933 1034 1978 a
1055 1912 1186 1978 consule
1213 1911 1323 1978 scribit
1343 1909 1510 1993 Claudiam
1542 1908 1585 1975 ad
1606 1916 1765 1975 uecentos
1786 1905 2017 1991 quinquaginta

304 2028 345 2074 ex
367 2009 537 2075 coniuratis
559 2010 684 2078 uinctos
704 2010 844 2095 (Romam
870 2015 996 2097 missos,
1029 2034 1164 2099 eamque
1196 2014 1388 2081 deditionem
1416 2015 1456 2079 ab
1483 2019 1597 2079 senam
1628 2033 1693 2079 non
1723 2019 1897 2096 acceptam,
1928 2005 2014 2092 quod

302 2111 465 2194 egentium
485 2119 583 2196 atque
602 2110 769 2181 humilium
790 2137 895 2201 poena
916 2118 1047 2203 defungi
1068 2119 1154 2184 uelle
1175 2119 1363 2184 Fundanum
1386 2116 1576 2185 censuerint.

217 2201 286 2285 2⁹⁸2
387 2212 437 2283 15.
484 2213 563 2284 Gall
584 2240 614 2284 n.
637 2219 703 2284 Art.
730 2221 977 2306 VI(VIJ)11,
1001 2224 1036 2289 i:
1080 2221 1294 2288 Consimiliter
1308 2220 1346 2300 Q„
1362 2239 1488 2304 quoque
1502 2217 1655 2285 claudius
1676 2216 1711 2282 in
1731 2216 1833 2302 primo
1854 2214 2017 2281 annalium

225 2297 279 2353 ⁴²⁸
302 2317 498 2401 ,nequitiam‘
518 2320 696 2405 appellauit
716 2321 824 2388 luxum
846 2324 932 2390 uitae
952 2324 1120 2409 prodigum
1144 2321 1340 2407 effusumque
1359 2323 1393 2389 iu
1414 2322 1504 2389 bisce
1525 2321 1645 2388 uerbis:
1670 2318 1871 2387 Persuadent
1890 2314 2017 2383 cuidam

302 2418 500 2488 adulescenti
514 2422 653 2502 Lucano,
675 2423 729 2507 qui
743 2425 1030 2530 adprimae-summo
1051 2448 1171 2512 genere
1192 2435 1308 2512 gnatas
1331 2433 1408 2509 erat,
1430 2425 1489 2493 sed
1502 2424 1629 2491 luxuria
1641 2428 1675 2489 et
1692 2423 1834 2507 nequitia
1847 2419 2016 2507 pecuniam

535 2509 626 2524 *m
721 2512 781 2528 *Qu
802 2518 883 2530 ..u—-
922 2524 944 2529 -,

299 2545 452 2610 magnam
473 2533 723 2611 consumpserat

302 2682 362 2722 om.
385 2660 446 2744 ΜΙ
465 2663 648 2725 aduersarios
668 2668 757 2741 atque
781 2686 887 2749 repr.
899 2687 940 2727 m.
956 2688 1034 2733 corr.
1048 2688 1105 2729 sec.
1120 2688 1162 2731 m.
1183 2663 1356 2728 aduersariis
1377 2671 1464 2743 atque
1484 2662 1633 2727 LBVG
1649 2663 1656 2743 Ι
1674 2659 1786 2745 incipit]
1806 2663 1884 2738 cepit
1904 2658 1958 2737 ΡΙ
1976 2660 2017 2719 in·

301 2764 416 2824 ailiebat
435 2761 496 2826 Lo
510 2787 568 2830 aec.
583 2788 624 2834 m.
638 2764 673 2829 B
689 2791 709 2827 a
720 2788 776 2833 see.
788 2789 828 2830 m.
850 2770 978 2831 insilibat
998 2769 1089 2853 ΡΗ
1115 2772 1346 2847 obturbabatque
1367 2787 1434 2846 ung.
1456 2766 1490 2828 P
1507 2767 1680 2828 obturbabat
1700 2784 1769 2844 ung.
1798 2764 1830 2824 V
1854 2762 1860 2845 Ι
1889 2759 2015 2844 manum]

301 2868 402 2947 sarapis
423 2867 501 2928 milri
515 2866 654 2951 placeret
674 2872 784 2931 uoltum
805 2870 868 2932 uid.
890 2870 978 2936 Liu.:
1002 2890 1035 2933 os
1056 2867 1213 2951 oculosque
1239 2873 1330 2933 hostis
1350 2875 1444 2932 rostro
1465 2875 1496 2931 et
1516 2871 1659 2947 unguibus
1684 2868 1797 2946 appetit
1821 2863 1915 2948 ialin]
1943 2866 2017 2925 alias

299 2966 390 3029 ‘rPM
406 2970 469 3030 alas
495 2967 558 3034 VG
577 2971 583 3051 Ι
600 2975 749 3034 redolebat
768 2972 799 3033 V
814 2974 821 3055 Ι
839 2973 952 3057 dacem]
974 2975 1060 3036 docet
1083 2975 1112 3035 V
1128 2976 1134 3056 Ι
1151 2993 1228 3036 anno
1247 2975 1528 3052 quadringentesimo
1541 2976 1642 3051 quinto
1661 2968 1782 3034 Ganno
1797 2968 2017 3046 quadragesimo

300 3072 401 3148 quinte
430 3071 460 3133 V
478 3089 604 3138 ccccv.
626 3073 665 3143 P.

386 3170 437 3240 13.
479 3177 542 3236 sub.
557 3176 634 3237 mixo
655 3203 680 3252 φ
702 3177 779 3258 (sup.
801 3196 822 3238 x
842 3177 944 3261 κῆρε,
966 3179 991 3256 t)
1014 3179 1130 3240 subniso
1150 3200 1168 3238 r
1191 3178 1197 3262 Ι
1216 3180 1368 3240 annalibus
1387 3179 1411 3239 L
1433 3176 1466 3239 L
1487 3174 1526 3262 ic
1547 3177 1645 3238 latinis
1667 3175 1732 3237 eod.
1746 3172 1851 3237 Basse
1871 3178 1902 3236 et
1919 3172 2017 3233 Latini

300 3274 382 3358 aolq.
403 3282 441 3338 et
460 3280 639 3341 uictoriae
659 3280 751 3354 certi
774 3277 897 3345 Canas.

385 3378 436 3448 14.
480 3383 517 3443 ud
538 3386 599 3444 cccl
613 3402 650 3445 ex
663 3385 819 3444 coniuratis
833 3382 917 3450 Med.
935 3381 942 3465 1
960 3385 1138 3447 dedicionem
1160 3382 1244 3449 Med.
1263 3381 1459 3468 {Fundanum
1481 3384 1619 3461 populum
1640 3398 1719 3447 cens.
1741 3378 1773 3441 P
1784 3386 1912 3462 praeder
1931 3372 2016 3438 Med.

303 3494 333 3546 et
352 3483 436 3549 Lon.
458 3492 478 3547 4
501 3482 574 3547 libre·
593 3482 825 3562 Alcedesciieni.

387 3583 437 3653 15.
480 3584 529 3670 Q]
553 3587 572 3665 q
598 3586 663 3649 VR
684 3574 720 3662 Q
743 3588 776 3649 P
792 3584 798 3671 1
814 3588 999 3666 persuadenti
1021 3586 1096 3649 libri
1114 3589 1289 3665 persuadent
1301 3590 1413 3672 ecriprai
1425 3586 1545 3651 condato
1560 3587 1656 3651 Liuio
1678 3589 1710 3648 in
1732 3607 1807 3648 mua.
1823 3581 1920 3644 eren.
1936 3599 2016 3639 nouo

303 3689 421 3753 XVII.
438 3712 475 3773 p.
498 3694 557 3751 152
580 3686 768 3774 {peccarim
796 3691 834 3759 V,

302 3823 434 3893 mirabile,
458 3822 548 3879 tenuit
563 3838 618 3878 uon
635 3823 724 3879 solum
741 3824 800 3879 ales
817 3828 925 3892 captam
949 3822 1033 3878 semel
1051 3823 1153 3893 sedem
1177 3823 1228 3879 sed
1245 3824 1489 3893 quotienscumque
1510 3829 1647 3880 certamen
1673 3821 1770 3876 initum
1795 3824 1848 3888 est,
1873 3817 1970 3872 leuans
1988 3826 2019 3867 se

304 3908 356 3963 alis
373 3924 410 3964 os
427 3909 623 3978 oculosque
645 3908 763 3965 bostis
780 3915 869 3965 rostro
886 3913 915 3964 et
931 3910 1071 3979 unguibus
1089 3910 1202 3979 appetit,
1226 3909 1314 3965 donec
1330 3911 1454 3966 territum
1471 3910 1589 3979 prodigii
1605 3908 1670 3964 talis
1688 3907 1751 3962 uiso
1780 3906 1921 3972 oculisque
1939 3898 2019 3955 simm

305 4009 340 4049 ac
355 4000 447 4049 mente
464 3995 604 4052 turbatum
621 3995 748 4051 Valerius
771 3995 924 4051 obtruncat
959 4010 1059 4051 coruus
1076 4010 1111 4052 ex
1127 4001 1277 4065 conspectu
1294 3996 1383 4052 elatus
1400 3996 1531 4053 orientem
1548 3995 1626 4065 petit
1650 3992 1784 4048 bacmos
1800 3995 1910 4062 quietae
1927 3986 2019 4043 abim-

304 4094 359 4149 que
376 4081 512 4137 stationes
529 4081 614 4138 fuere.
636 4087 782 4152 postquam
800 4082 917 4150 spoliare
934 4097 1032 4150 corpus
1050 4084 1123 4138 caesi
1142 4083 1230 4139 bostis
1247 4082 1373 4139 tribunus
1396 4084 1493 4153 coepit,
1517 4098 1568 4138 neo
1585 4081 1656 4140 (lulli
1674 4096 1705 4137 se
1722 4080 1840 4137 statium
1862 4081 2016 4146 tenuerunt,

304 4173 333 4223 et
349 4168 531 4223 Romanorum
549 4186 647 4225 cursus
664 4170 699 4225 ad
711 4169 845 4226 uictorem
857 4168 939 4223 etiam
953 4170 1026 4225 ocior
1037 4170 1099 4226 suit
1127 4172 1165 4227 ibi
1183 4172 1256 4227 cirea
1272 4171 1387 4227 iacentis
1399 4170 1471 4227 Galli
1488 4184 1588 4237 corpur
1605 4173 1744 4224 contracto
1761 4163 1908 4222 certamine
1924 4177 2019 4232 pugna

305 4261 384 4312 abor
409 4255 568 4312 concitatur.
580 4256 720 4313 -consul
747 4255 871 4310 contiorm
901 4256 1037 4311 muscata
1063 4256 1206 4313 laudatum
1234 4257 1373 4314 tribunum
1395 4258 1490 4313 decem
1513 4254 1604 4311 bubus
1621 4269 1760 4323 aureaque
1788 4266 1889 4307 corona
1919 4251 2012 4306 donat

311 4346 385 4398 Vrdea
399 4347 476 4410 icitur
492 4363 543 4395 earn
559 4349 601 4398 ael
615 4349 639 4397 sir
656 4347 757 4397 mr'airrn'a
773 4347 844 4396 rebar
862 4348 994 4396 comaron
1012 4364 1063 4396 ram
1081 4346 1179 4410 Gelle'05
1205 4367 1258 4399 nsua
1282 4351 1350 4414 qaod
1365 4348 1459 4399 Gallias
1477 4347 1507 4397 ds
1524 4346 1617 4397 (leobae
1635 4346 1773 4396 somniabas
1791 4342 1905 4408 loquutur,
1928 4339 2016 4390 Limisa

307 4434 338 4483 de
355 4452 411 4499 arro,
435 4433 514 4483 errori
529 4431 595 4484 Gella·
615 4433 643 4483 r'd
658 4432 839 4484 adren'oendorr
862 4450 918 4481 erre
940 4434 1056 4499 adparet,·
1081 4435 1163 4500 itaqua
1186 4454 1237 4486 cum
1261 4437 1331 4486 ebbae
1354 4429 1438 4486 V119
1455 4434 1552 4484 Licnias
1573 4445 1628 4502 uate
1653 4433 1737 4482 ocaler
1759 4429 1873 4479 moues«
1890 4426 2018 4479 conadam

305 4521 553 4585 demonstratur-imas,
570 4529 593 4568 et
610 4536 661 4568 aaa
678 4521 748 4569 etiarn
765 4518 804 4568 lic
819 4518 901 4568 eodm
916 4530 1015 4568 auctore
1032 4537 1100 4569 arum
1117 4539 1173 4571 esra
1190 4533 1371 4572 sementariciam
1388 4532 1435 4588 eat,
1451 4522 1597 4581 etfhmetar
1614 4520 1661 4569 doc
1678 4534 1795 4569 measa
1807 4515 1923 4566 amaia
1933 4524 2018 4563 noatm

305 4605 336 4656 de
361 4605 427 4657 Gela·
440 4606 520 4667 sonte.
540 4631 568 4641 ·-
589 4605 696 4655 Gelonem
719 4606 800 4655 aedera
813 4605 871 4667 sera
893 4604 961 4670 apud
983 4606 1056 4656 Cara.
1080 4605 1155 4658 Dior.
1170 4608 1209 4668 sr.
1232 4602 1268 4657 84
1286 4625 1314 4674 p.
1336 4604 1370 4658 21
1395 4604 1428 4657 Β.
1453 4605 1528 4668 (Zeu.
1553 4604 1605 4656 1⁷11
1619 4601 1655 4656 25
1667 4623 1696 4670 p.
1713 4597 1748 4654 93
1763 4601 1857 4664 Rari),
1879 4600 1931 4651 aba
1951 4599 2019 4665 opud

304 4692 411 4758 Appos
428 4692 485 4742 Cela
504 4686 545 4742 10.
847 4719 853 4728 ·

393 4771 436 4828 ld.
470 4776 586 4843 Sparten
602 4777 698 4827 uidetur
712 4779 748 4827 ad
763 4778 847 4828 bellam
864 4775 985 4827 Latiam
1002 4776 1110 4828 Nonium
1127 4797 1174 4829 aaa
1191 4780 1359 4844 sampirum
1375 4777 1463 4847 Geld'o,
1487 4780 1533 4830 aed
1549 4797 1580 4829 aa
1596 4779 1657 4830 labro
1674 4777 1727 4826 siaa
1745 4778 1838 4840 rateqrc
1855 4784 1918 4824 reete
1935 4773 2018 4837 surpi-

307 4875 377 4915 eatur
394 4874 432 4914 eat
450 4862 488 4913 M.
505 4863 584 4915 Hertz
599 4865 624 4914 in
641 4862 714 4914 Iudai
728 4865 808 4914 aaut
826 4864 875 4914 aei.
892 4858 927 4914 81)
944 4857 1033 4931 ildeb)
1047 4881 1075 4931 p.
1093 4860 1155 4917 ill.
1179 4882 1261 4917 nomm
1278 4865 1349 4917 Casii
1366 4883 1415 4931 pro
1432 4866 1535 4917 Claudio
1551 4866 1583 4915 ab
1600 4862 1707 4925 eejalec
1725 4864 1877 4914 merelatum
1893 4872 1932 4911 ert
1948 4860 2017 4909 abina

295 4953 337 5015 sr.
355 4946 398 5003 22.
414 4944 457 5001 28.
474 4944 517 5001 24.
