4500 5609
1059 439 1258 533 *19-

298 637 404 723 ipsum
424 635 573 719 uersauit,
599 656 694 719 quem
715 635 772 700 illa
793 640 899 701 aetate
920 635 1054 701 multum
1074 635 1250 702 lectitatum
1273 657 1346 704 esse
1368 645 1502 724 constat,
1532 639 1616 705 haud
1640 641 1812 725 ignobilem
1833 643 2019 729 scriptorem

299 759 371 804 eum
397 736 497 804 fuisse
523 739 612 804 nouit
639 758 679 804 cx
700 739 800 823 Liuio,
834 748 869 804 nt
892 732 965 804 aad
986 737 1106 805 addere
1129 758 1400 824 superuacaneum
1423 750 1523 826 essct3
1556 743 1693 828 denique
1714 765 1756 811 ne
1782 745 1863 811 dixit
1891 747 2019 831 quidem

297 842 486 908 Plutarchus
508 841 653 907 Clodium
682 862 774 908 sunm
801 862 982 927 regressum
1008 863 1073 907 non
1100 861 1174 908 esse
1201 845 1284 909 ultra
1311 845 1436 910 cladem
1463 846 1628 929 Gallicam,
1660 847 1720 913 scd
1753 849 1913 915 inuectum
1946 870 2018 915 eum

299 966 372 1012 esse
394 948 427 1012 in
448 945 543 1011 fidem
565 953 836 1012 monumentorum
858 945 1157 1029 antiquissimorum,
1180 953 1275 1029 atquc
1298 956 1353 1013 ant
1374 955 1459 1014 totns
1481 947 1574 1014 fallor
1596 956 1652 1013 aut
1672 969 1712 1014 ea
1733 951 1806 1035 ipsa
1828 952 2016 1020 Plutarchus

299 1070 381 1133 quae
403 1050 464 1115 hoc
486 1049 587 1133 primo
612 1049 717 1135 capite
739 1048 889 1133 disputat,
916 1055 952 1114 ut
973 1048 1088 1113 refutet
1109 1049 1271 1133 uolgatam
1294 1052 1484 1136 opinionem,
1511 1071 1575 1135 qua
1605 1051 1792 1118 credebatur
1813 1053 2016 1139 Pythagorae

298 1153 424 1219 auditor
450 1152 550 1219 fuisse
575 1150 689 1235 Numa,
721 1152 857 1237 sumpsit
886 1171 926 1217 ex
956 1150 1078 1218 Clodio.
1110 1151 1180 1218 fons
1208 1160 1293 1218 certe
1320 1154 1388 1220 eius
1416 1154 1502 1219 uitae
1529 1155 1697 1238 primarius
1724 1156 1808 1222 hanc
1834 1158 2016 1242 opinionem

298 1263 427 1322 secutus
450 1265 526 1339 erat,
549 1277 644 1339 quam
667 1257 764 1321 etiam
785 1256 974 1321 Plutarchus
996 1255 1150 1320 inmemor
1171 1255 1376 1322 dubitationis
1399 1277 1494 1340 quam
1515 1257 1605 1325 initio
1627 1259 1713 1324 uitae
1728 1269 1879 1345 mouerat,
1901 1270 2016 1347 postea

298 1359 331 1424 in
353 1360 505 1425 orationis
533 1368 674 1425 tenorem
700 1359 829 1442 recepit.
854 1360 892 1424 cf.
913 1359 953 1424 de
974 1359 1058 1424 Plut.
1079 1357 1154 1423 font.
1176 1379 1207 1443 p.
1233 1362 1302 1426 163.
1349 1358 1441 1425 Adde
1472 1359 1556 1443 quod
1585 1362 1613 1426 si
1635 1361 1766 1427 Clodius
1793 1363 1957 1429 Plutarchi
1984 1370 2016 1429 et

299 1461 451 1528 Claudius
466 1462 606 1547 Appiani
621 1461 724 1525 eidem
746 1469 828 1543 sunt,
843 1461 918 1526 huic
932 1461 1044 1526 Clodio
1059 1480 1253 1545 praenomen
1274 1459 1333 1526 fuit
1346 1462 1439 1528 Pauli
1459 1460 1537 1547 (uid.
1550 1461 1655 1547 infra),
1665 1462 1877 1549 Quadrigario
1893 1466 2010 1544 Quinti

383 1565 529 1648 Denique
551 1563 640 1629 multi
663 1563 723 1628 uiri
745 1563 831 1628 docti
854 1564 1039 1630 laborarunt
1060 1565 1093 1629 in
1115 1560 1236 1648 Παύλῳ
1257 1565 1385 1630 nomine
1408 1563 1457 1651 (4)
1479 1565 1640 1631 mutando.
1690 1566 2014 1651 Schweighaeuserus

299 1667 383 1732 enim
405 1667 532 1752 scripsit
554 1662 673 1750 Κοΐντῳ
695 1667 749 1731 uel
770 1664 1018 1752 Κουαδριγαρίῳ
1046 1667 1099 1748 (ci.
1122 1668 1191 1732 eius
1215 1675 1371 1734 conment.
1393 1690 1424 1752 p.
1449 1666 1534 1754 172),
1563 1668 1785 1736 Lachmannus
1820 1671 1876 1753 (de
1898 1671 1919 1737 f.
1941 1673 1976 1738 1.
2000 1673 2015 1735 l

297 1790 329 1854 p.
352 1773 394 1836 36
415 1767 462 1854 ιι.)
484 1767 630 1854 Πουβλίῳ
652 1770 706 1834 uel
727 1766 864 1854 Ποπλίῳ,
886 1770 1080 1834 Hullemann
1101 1769 1166 1851 (,de
1179 1770 1279 1835 Paulo
1295 1771 1350 1854 qui
1371 1770 1469 1837 tertia
1484 1772 1630 1838 Claudio‘
1643 1794 1675 1856 p.
1690 1772 1725 1858 4)
1748 1773 1933 1858 Πωλίωνι.)
1956 1775 2015 1841 sed

299 1873 596 1956 Schweighaeuseri
623 1873 836 1939 coniecturam
863 1874 959 1938 ctiam
986 1873 1101 1938 falsam
1129 1892 1264 1938 essc‘en
1292 1873 1339 1939 eis
1368 1894 1452 1957 qnae
1478 1895 1576 1959 supra
1602 1874 1810 1941 disseruimus
1838 1876 2014 1962 adparebit,

306 1986 339 2042 et
360 1996 443 2059 quae
459 1976 518 2042 bos
535 1996 634 2041 causa
649 1976 784 2041 adduxit
797 1985 832 2041 ut
846 1977 939 2041 Pauli
952 1995 1067 2042 nomen
1082 1983 1289 2057 remunerent,
1312 1976 1401 2040 nulla
1415 1985 1473 2059 est,
1489 1998 1560 2042 oum
1575 1978 1672 2042 etiarn
1686 1978 1805 2044 Paulus
1821 1999 2015 2063 praenomen

298 2079 393 2145 inerit
414 2078 500 2163 apud
521 2079 691 2161 Romanos,
715 2099 908 2162 quamquam
928 2099 992 2144 non
1014 2079 1047 2143 in
1068 2079 1205 2168 usitatis.
1228 2085 1263 2143 ut
1284 2078 1419 2145 occurrit
1440 2080 1531 2145 nobis
1546 2080 1579 2144 in
1594 2079 1725 2145 denario
1741 2081 1859 2147 Paulus
1874 2080 2014 2167 Lepidus

296 2182 377 2246 Libo
400 2182 596 2262 (Mommsen,
620 2182 654 2249 C.
678 2183 703 2245 l.
725 2183 760 2248 1.
783 2183 798 2245 1
821 2202 863 2251 nc
898 2181 985 2266 473),
1008 2181 1127 2246 Paulus
1150 2181 1269 2246 Fabius
1291 2182 1324 2246 in
1346 2182 1436 2248 titulo
1459 2185 1530 2249 799.
1554 2183 1592 2247 of.
1608 2183 1793 2266 Mommsen,
1816 2205 1896 2253 mus.
1912 2185 2014 2251 Rhen.

297 2305 327 2349 n.
352 2284 412 2349 XV
433 2305 465 2369 p.
491 2283 592 2368 194⁹)

384 2384 471 2451 Nihil
493 2388 588 2468 igitur
610 2396 694 2451 certo
716 2386 757 2450 de
779 2385 868 2450 hisce
883 2385 1025 2450 Claudiis
1048 2386 1100 2452 uel
1115 2383 1236 2450 Clodiis
1259 2391 1397 2449 statuere
1413 2386 1580 2470 potuimus,
1604 2388 1662 2453 sed
1682 2389 1867 2473 plerumque
1888 2392 1931 2456 ad
1946 2411 2016 2457 eum

298 2489 393 2553 finem
409 2489 620 2573 peruenimus,
643 2493 678 2552 ut
693 2507 749 2553 eos
765 2488 819 2571 qui
834 2508 933 2573 saepe
955 2487 1078 2554 contusi
1100 2495 1175 2552 sunt
1196 2486 1409 2552 secernendos
1432 2507 1504 2554 esse
1526 2489 1749 2572 inueniremus,
1772 2499 1868 2576 atque
1883 2493 2017 2559 Claudio

298 2590 509 2672 Quadrigario
531 2590 648 2655 nullius
672 2609 745 2655 csse
766 2591 932 2656 addendas
955 2589 1129 2673 relliquias.
1153 2590 1193 2654 ‹le
1215 2590 1328 2656 ceteris
1350 2591 1417 2654 ueri
1439 2591 1542 2656 simile
1557 2590 1623 2673 suit,
1647 2600 1679 2657 et
1693 2593 1856 2660 Plutarchi
1871 2595 2016 2661 Clodium

298 2692 346 2776 (3)
369 2701 465 2774 atque
486 2691 626 2775 Appiani
648 2690 815 2757 Claudium
842 2691 891 2777 (4)
914 2692 1049 2758 eundem
1081 2710 1164 2774 esse,
1192 2700 1224 2757 et
1244 2692 1389 2757 Clodium
1411 2694 1553 2759 Licinum
1576 2694 1647 2758 Iiui
1669 2693 1717 2780 (2)
1740 2696 1934 2780 Suetonique
1956 2695 2015 2783 (5).

299 2816 354 2861 cur
365 2795 446 2860 ahos
463 2793 734 2879 coniungeremus,
748 2795 837 2861 nulla
848 2795 907 2860 fuit
921 2802 1008 2860 certa
1019 2814 1127 2876 causa,
1140 2814 1243 2878 neque
1253 2796 1539 2878 contemplantibus
1549 2796 1650 2879 nobis,
1664 2798 1841 2880 quindecim
1854 2798 2014 2883 Claudios,

297 2904 420 2983 septem
443 2896 572 2963 Clodios
596 2896 765 2962 Baehrium
786 2897 821 2962 in
841 2897 945 2981 Pauly
972 2898 1093 2980 encycl.
1117 2897 1148 2961 ll
1169 2919 1200 2981 p.
1223 2900 1286 2963 427
1309 2918 1378 2980 sqq.
1401 2919 1432 2981 p.
1455 2900 1519 2965 464
1541 2919 1611 2981 sqq.
1640 2920 1853 2984 enumerasse,
1883 2921 2015 2984 quorum

296 3002 426 3067 nomina
446 2999 535 3065 libris
563 2999 734 3064 maximam
756 3006 877 3084 partem
899 2999 1042 3084 pedestri
1063 2999 1206 3065 oratione
1228 2999 1415 3084 conscriptis
1437 3001 1610 3083 innotuere,
1633 3002 1746 3066 mimm
1767 3003 1932 3087 uidebitur,
1955 3004 2013 3070 hos

296 3104 436 3187 quinque
457 3102 626 3187 scriptores
649 3102 791 3168 eiusdem
812 3103 948 3168 nominis
969 3103 1052 3167 inter
1073 3121 1108 3168 se
1130 3101 1275 3168 diuersos
1296 3122 1379 3169 esse.

381 3208 419 3270 In
449 3205 528 3289 ipsis
558 3205 774 3288 relliquiarum
806 3205 911 3271 uerbis
944 3205 1150 3271 recensendis
1184 3207 1380 3290 conplurium
1418 3207 1554 3272 uirorum
1588 3206 1750 3273 doctorum
1783 3207 1910 3275 adiutus
1944 3229 2014 3275 sum

295 3309 494 3392 liberalitate,
510 3308 632 3391 quibus,
648 3308 676 3373 si
688 3309 763 3391 quid
774 3309 891 3375 rectius
906 3330 927 3374 a
942 3329 992 3374 mc
1007 3329 1102 3392 quam
1115 3315 1212 3373 antea
1227 3310 1345 3376 iactum
1365 3317 1414 3376 est
1425 3312 1628 3376 constitutum
1644 3315 1702 3393 est,
1718 3310 1796 3375 solis
1808 3311 1903 3378 tribui
1917 3311 2013 3376 uelim

296 3412 481 3496 gratiasque
503 3431 566 3495 ago
588 3431 684 3493 quam
706 3412 871 3478 maximas.
894 3411 1086 3478 Martinus
1109 3412 1193 3476 enim
1215 3412 1335 3479 Hertz
1356 3433 1414 3497 pro
1438 3413 1555 3478 eximia
1577 3434 1640 3496 qua
1654 3411 1741 3479 fouet
1754 3413 1888 3479 aliorum
1906 3413 2014 3478 studia

296 3513 490 3599 philologioa
512 3513 734 3598 beneuolentia
755 3515 845 3583 Rud.
866 3515 1070 3601 Peiperum
1092 3514 1228 3580 amicum
1250 3537 1290 3582 er
1312 3515 1470 3581 thesauris
1495 3514 1653 3582 Gellianis
1682 3517 1868 3601 depromere
1895 3537 2012 3601 passus

296 3624 347 3682 est
379 3636 461 3699 quae
487 3615 530 3680 ad
556 3615 734 3699 fragmenta
762 3617 940 3684 Claudiana
962 3638 982 3682 a
1004 3617 1109 3684 Gellio
1142 3626 1270 3683 seruata
1301 3618 1520 3684 adnotauerat.
1565 3619 1604 3684 G.
1626 3619 1740 3685 'Philo
1770 3638 1821 3682 me
1848 3618 2013 3683 certiorem

295 3718 372 3785 fecit
392 3718 433 3784 de
455 3718 618 3804 scripturis
640 3719 784 3785 codicum
806 3719 1030 3786 Seruianorum
1051 3719 1088 3785 fr.
1111 3723 1163 3786 31.
1186 3723 1237 3787 52.
1261 3723 1311 3787 92.
1355 3719 1389 3785 C.
1412 3720 1709 3803 Zangemeister
1732 3720 1773 3785 de
1794 3720 1904 3788 codice
1919 3720 2013 3788 Orosi

295 3822 508 3888 Lauremiano
541 3820 633 3907 (plut.
663 3824 713 3906 65,
743 3825 775 3906 1)
808 3842 894 3889 saec.
922 3821 1093 3887 VI-Vill
1123 3822 1261 3886 omnium
1294 3822 1569 3906 praestantissimo
1601 3823 1639 3889 fr.
1673 3826 1725 3889 68.
1756 3825 1806 3890 69.
1834 3827 1885 3893 84.
1929 3825 2012 3889 Noni

296 3923 423 3991 codices
445 3945 466 3988 a
488 3945 538 3990 me
560 3925 630 4010 ipso
653 3924 767 3990 conlati
789 3931 863 3990 snnt
883 3925 968 3991 hice:

382 4030 410 4091 l.
433 4026 535 4092 codex
549 4027 780 4093 Laurentianus
803 4028 949 4113 plaudit,
967 4032 993 4112 1,
1017 4027 1107 4093 ouius
1130 4027 1201 4092 libri
1223 4033 1287 4092 ires
1308 4027 1429 4112 priores
1452 4046 1536 4091 saec.
1557 4027 1612 4108 xl,
1636 4027 1733 4092 ceteri
1755 4047 1840 4094 saec.
1863 4026 1924 4091 XV
1940 4047 2012 4094 esse

298 4129 419 4197 exarati
442 4128 597 4196 uidentur.
630 4130 671 4196 de
692 4130 753 4196 hoc
775 4130 894 4214 codice,
927 4130 967 4196 de
990 4130 1078 4196 cuius
1106 4135 1213 4195 tamen
1240 4129 1403 4214 scripturis
1434 4129 1474 4194 de
1497 4128 1624 4194 silentio
1651 4129 1796 4196 concludi
1817 4131 1901 4212 nolo,
1930 4131 2011 4197 alias

295 4232 437 4318 pluribus
459 4251 565 4316 agam
1754 4255 1757 4262 ’

389 4376 406 4434 ¹)
422 4368 587 4422 Hullemann
609 4367 761 4423 litterarum
786 4367 959 4435 potissimum
986 4367 1162 4423 similitudine
1190 4368 1227 4422 ad
1251 4366 1434 4423 coniecturam
1458 4381 1537 4420 suam
1560 4365 1660 4421 ductus
1686 4364 1831 4422 Claudium
1853 4366 2010 4434 Pollionem,

296 4438 367 4493 Plini
392 4436 504 4492 minoris
526 4436 650 4496 amicum.
672 4453 753 4505 quem
776 4436 811 4491 de
834 4438 894 4492 uita
916 4438 990 4492 Anni
1014 4439 1094 4494 Bassi
1116 4437 1209 4506 egisse
1235 4453 1253 4491 a
1276 4437 1363 4491 Plinio
1387 4435 1466 4558 epist
1491 4436 1543 4490 Vll
1561 4436 1603 4501 33,
1629 4436 1646 4488 5
1671 4435 1807 4502 docemur,
1830 4435 1913 4490 etiam
1937 4435 2011 4489 hunc

297 4513 408 4575 ,ἔλεγχον
425 4508 531 4577 χρόνων*
548 4508 726 4574 conposuisse
744 4507 909 4576 suspicatur.
931 4508 982 4563 sed
999 4509 1064 4577 quia
1082 4524 1116 4564 ea
1133 4508 1224 4576 opinio
1241 4523 1259 4561 a
1276 4521 1331 4574 qua
1347 4522 1396 4574 pro
1408 4511 1486 4561 ectus
1504 4512 1555 4575 est,
1581 4512 1612 4559 ut
1629 4506 1745 4560 Paulum
1768 4518 1934 4570 praenomen
1954 4520 2010 4559 uon

296 4590 359 4631 esse
377 4577 562 4660 arbitraretur.
588 4591 661 4630 uana
678 4582 729 4645 est,
756 4578 839 4633 otiam
857 4594 899 4650 ea,
924 4593 995 4647 qnae
1013 4580 1077 4634 inde
1094 4579 1270 4646 conliguntur
1286 4576 1451 4644 dilabuntur,
1470 4591 1559 4644 neque
1576 4573 1810 4645 operaepretium
1828 4581 1872 4630 cst
1888 4589 1922 4629 ea
1938 4589 2011 4641 quae

296 4645 764 4781 exeogqaflrgnplqrerpqrsogcgqlllquqfi
782 4717 863 4771 οτίιιιιι
881 4730 974 4770 eorum
992 4715 1149 4771 coniectura
1169 4714 1315 4770 admodum
1339 4713 1423 4769 dubia
1447 4715 1512 4770 mihi
1536 4713 1653 4796 uidetur,
1677 4712 1724 4779 qui
1741 4713 1784 4776 (nt
1800 4712 1915 4795 hiueller
1931 4712 1959 4766 iu
1976 4709 2009 4765 fr.

295 4783 359 4839 hist.
378 4799 470 4853 graec.
487 4785 541 4839 Illl
557 4801 585 4854 p.
601 4784 661 4839 364.
679 4783 752 4839 esur
769 4785 796 4838 in
814 4785 904 4855 Pauly
921 4785 1093 4856 Realcmycl.
1111 4786 1138 4839 ll
1155 4801 1181 4854 p.
1198 4786 1261 4851 465)
1278 4801 1296 4839 a
1314 4784 1409 4840 Clodio
1426 4785 1519 4840 Licirm
1536 4789 1717 4850 couscriptum
1735 4797 1797 4837 esse
1814 4781 1890 4836 illum
1908 4787 2010 4848 ιλιγχον

297 4856 396 4922 χρόνων
414 4853 545 4921 suspicati
563 4860 635 4910 sunt.
653 4870 716 4909 uam
729 4852 824 4909 Clodio
842 4854 935 4909 Licino
953 4853 1004 4909 (iai
1021 4871 1185 4923 praenomen
1203 4855 1289 4909 tuisse
1307 4870 1341 4909 cs
1359 4854 1448 4925 titulo,
1467 4870 1547 4924 quem
1567 4868 1651 4923 supra
1667 4852 1874 4914 conmemoraui,
1892 4853 2009 4919 constat,

296 4923 420 4982 Clodium
438 4928 531 4978 autem
547 4924 687 4980 Plutarchi
705 4923 822 4979 eundem
839 4938 901 4979 esse
919 4924 978 4978 ueri
996 4924 1163 4980 simillimum
1179 4923 1258 4980 nobis
1276 4924 1366 4980 uisum
1383 4929 1427 4980 est
1444 4930 1527 4993 atque
1544 4924 1660 4980 Paulum
1677 4922 1821 4979 Claudium
1838 4918 1965 4990 Appiani.
