4500 5609
1107 453 1156 533 19}
1276 511 1282 522 ,

350 646 400 720 lt.
449 651 527 720 uult
548 679 576 716 a.
597 650 1064 735 aestuquaesuo
1090 648 1320 734 Quadrigarius
1346 651 1381 717 in
1411 651 1512 808 primo
1544 650 1667 717 annali.
1710 652 1760 719 aa
1786 654 1907 720 Lneani
1931 652 2064 720 ubi326

265 754 471 837 resoinerunt,
494 753 556 821 sibi
577 773 635 838 per
654 754 801 822 fallacias
822 757 921 822 uerba
942 755 1019 821 data
1040 773 1123 822 esse.
2011 749 2065 807 428

350 853 401 925 17.
449 856 527 923 dett
549 856 585 919 X
592 858 712 939 VM
736 860 791 925 18·
835 858 942 924 Verba
963 876 1004 925 ex
1025 856 1064 936 0.
1086 856 1201 922 Claudi
1224 856 1324 941 primo
1346 857 1533 923 annali-
1494 877 1639 943 -sese,
1660 859 1771 945 iuquit,
1792 880 1834 927 ue
1854 858 1890 927 id
1909 880 1985 945 qno

268 978 340 1043 qne,
361 958 446 1043 quod
467 965 534 1026 mm
556 959 716 1043 suaderet,
736 958 893 1027 fauturum
914 979 998 1028 esse.

352 1058 404 1132 18.
449 1063 513 1131 Lis.
542 1063 659 1124 VIIII
673 1063 705 1144 5,
728 1065 762 1129 1:
806 1061 962 1129 Consules
984 1062 1036 1142 td.
1058 1061 1209 1129 Veturius
1230 1061 1382 1129 Caluinus
1404 1063 1459 1148 Sp.
1474 1063 1657 1130 Postumius
1679 1064 1828 1151 Albinus)
1850 1068 1984 1153 profesti
2006 1072 2064 1156 {tt

266 1165 310 1232 ad
328 1164 477 1229 Pontium
495 1164 530 1229 in
551 1164 760 1247 conloquium,
793 1183 865 1230 oum
885 1163 927 1230 de
947 1163 1075 1231 medere
1095 1165 1197 1230 nietor
1223 1164 1370 1248 agitaret,
1402 1173 1561 1250 negarunt
1585 1166 1708 1233 iniussn
1735 1168 1846 1252 populi
1870 1168 1983 1236 foedus
2008 1166 2069 1225 4⁸8·

264 1266 334 1333 fleri
354 1284 460 1350 posse,
492 1284 552 1332 nee
580 1265 650 1332 sine
675 1265 836 1333 fetialibus
864 1265 1121 1349 caerimoniaque
1147 1267 1214 1332 alia
1240 1267 1397 1335 sollemni.
1428 1270 1536 1351 itaque
1559 1289 1633 1352 non,
1667 1278 1703 1334 ut
1729 1271 1827 1353 ιιιὶςο
1855 1272 1988 1338 eredunt

266 1368 484 1452 Claudiusque
503 1368 600 1434 etiam
622 1369 740 1451 soribit,
761 1368 892 1436 foedere
912 1385 978 1456 pax
992 1369 1146 1453 Caudina,
1168 1369 1227 1435 sed
1248 1389 1307 1455 per
1327 1371 1532 1456 sponsionem
1552 1371 1638 1438 taeta
1660 1377 1718 1438 est
1741 1371 1817 1455 quid
1832 1375 1917 1439 enim
1931 1382 1987 1440 aut

265 1473 471 1557 sponsoribus
492 1471 526 1537 in
546 1470 678 1538 loedere
699 1492 780 1557 opus
803 1480 891 1539 esset
912 1479 969 1540 aut
989 1473 1163 1555 obsidibus,
1184 1470 1239 1538 ubi
1260 1475 1442 1558 predatione
1461 1494 1514 1541 res
1529 1474 1724 1557 transigitur,
1746 1494 1916 1558 perquem
1929 1498 1985 1562 po

265 1574 375 1659 pulum
395 1572 462 1657 liat,
495 1595 558 1658 quo
579 1576 683 1641 minns
704 1576 830 1660 legibus
863 1576 958 1643 dietis
985 1582 1094 1659 stetur,
1124 1583 1160 1641 nt
1181 1575 1320 1642 sumita
1341 1577 1483 1662 luppiter
1502 1576 1604 1660 feriat,
1637 1595 1731 1659 quem
1752 1575 1943 1644 admodum
1964 1600 1986 1645 a

263 1677 424 1744 fetialibus
444 1697 561 1765 porens
582 1676 722 1747 feriatur.
744 1678 985 1765 spoponderunt
1006 1680 1154 1746 eonsules
1176 1677 1277 1761 legati
1291 1687 1477 1761 quaestores
1498 1679 1615 1745 tribuni
1630 1679 1771 1762 militum,
1793 1680 1984 1764 nominaque

263 1781 400 1846 omnium
429 1780 484 1863 qui
510 1780 749 1866 spoponderunt
775 1789 894 1868 extum,
927 1783 990 1865 ubi,
1018 1782 1046 1849 ei
1074 1801 1115 1847 ex
1135 1777 1265 1847 foedere
1293 1788 1445 1854 astares
1472 1788 1568 1865 esset,
1598 1787 1821 1866 praeterquam
1852 1780 1985 1862 duorum

262 1881 416 1950 fetialium
437 1902 502 1950 uon
523 1889 677 1950 extarent.
711 1882 745 1950 et
765 1891 894 1968 propter
919 1885 1136 1951 neeessariam
1165 1883 1303 1955 foederis
1331 1883 1516 1952 dilationem
1554 1883 1684 1951 obsides
1717 1883 1814 1948 etiam
1846 1885 1985 1951 sescenti

264 1984 386 2067 equites
408 1980 563 2069 imperati,
585 1985 640 2068 qui
662 1986 767 2071 eapite
790 1987 921 2068 luerent,
945 1989 974 2052 si
994 1995 1089 2071 paeto
1110 2008 1175 2053 nou
1197 1994 1342 2054 staretur.

345 2084 395 2156 la.
442 2085 520 2154 Gall.
534 2088 582 2150 II
598 2090 648 2171 19,
663 2090 698 2155 8:
741 2090 822 2155 Item
841 2088 1071 2174 Quadrigarius
1092 2090 1126 2155 in
1141 2088 1254 2155 eodem
1269 2089 1303 2173 (i.
1319 2108 1346 2159 e.
1361 2087 1477 2176 primo)
1499 2089 1646 2156 libro-t
1669 2088 1708 2153 ld
1728 2089 1783 2155 ubi
1803 2092 1980 2159 ressierunt
1997 2097 2062 2180 329

2002 2192 2057 2249 4³4

346 2305 395 2376 ld.
438 2309 557 2371 Gladius
576 2308 632 2389 ΡΙ
648 2309 776 2370 fallatiae
796 2309 837 2376 R.

345 2409 396 2480 17.
440 2410 513 2494 sese]
536 2419 570 2475 ee
592 2430 694 2474 resse
713 2410 757 2479 L.

345 2510 397 2581 18.
440 2520 473 2576 ut
493 2517 561 2592 ulgo
582 2514 666 2582 Med.
689 2539 719 2580 o.
736 2535 789 2597 pr.
810 2536 850 2578 m.
872 2512 958 2598 {sed}
981 2533 1029 2578 seo
1050 2515 1133 2580 Med.
1156 2539 1186 2580 a.
1203 2538 1254 2599 pr.
1269 2537 1310 2581 m.
1332 2519 1378 2577 set
1399 2536 1477 2580 eoas.
1493 2538 1534 2580 m.
1549 2527 1663 2598 quarta
1681 2517 1687 2597 1
1705 2517 1840 2601 seseenti]
1856 2519 1888 2579 in
1904 2519 1982 2585 Par.

264 2640 285 2678 a
305 2636 361 2681 sec.
382 2639 465 2681 man.
484 2619 518 2679 in
537 2639 651 2680 runnu
672 2618 826 2701 saeptum.
848 2618 881 2678 in
902 2616 993 2685 Laid.
1009 2619 1115 2701 pn‘mo
1138 2620 1300 2700 comasque
1321 2616 1479 2683 Dralmb.
1502 2620 1597 2681 codd.-
1618 2639 1663 2681 ae.

349 2716 398 2788 19.
441 2723 599 2783 rescierunt
614 2719 703 2783 VPR
712 2720 889 2781 reseinerunt
899 2721 985 2786 codd.
996 2742 1055 2784 rec.
1076 2718 1204 2805 {Pontio
1214 2721 1246 2784 R
1257 2719 1374 2804 aliquot
1384 2722 1470 2784 codd.
1482 2744 1542 2787 rec.
1554 2725 1657 2801 poncio
1675 2721 1809 2785 VPalii
1822 2723 1909 2787 codd.
1921 2746 1980 2790 rec.

348 2940 391 2998 lde
407 2941 451 2998 16.
486 2945 517 3008 qs.
534 2944 593 2996 Lis.
616 2942 685 2996 VIII
698 2937 749 2993 dl.-
774 2937 860 2995 tund
877 2938 993 2996 subinde
1009 2940 1111 2997 bellum
1128 2955 1191 2996 oum
1208 2941 1322 2996 alterius
1339 2953 1403 2996 orae
1420 2939 1533 2996 Graecis
1549 2945 1681 2995 exortmn
1703 2954 1823 3009 namque
1839 2940 1979 2995 Tarentini

262 3043 325 3084 oum
341 3044 398 3084 rem
409 3025 642 3096 Palaepolitanam
660 3041 734 3082 nana
746 3040 796 3094 spe
812 3025 906 3082 auxilii
922 3026 1090 3096 aliquamdiu
1108 3027 1312 3096 sustinuissent,
1328 3031 1472 3095 postquam
1484 3028 1621 3083 Romnum
1637 3025 1705 3082 mbo
1719 3026 1822 3096 potitos
1839 3040 1978 3095 aocepere,

262 3115 341 3171 uelut
358 3114 483 3170 dubtuti
499 3128 533 3170 au
548 3129 604 3170 non
620 3112 668 3181 qni
691 3113 744 3182 ipsi
767 3112 965 3181 destituissent,
986 3112 1127 3182 inerepare
1144 3113 1373 3183 Palaepolitanos,
1396 3115 1438 3168 ira
1454 3118 1538 3181 atque
1561 3113 1665 3168 inuidia
1680 3113 1709 3167 in
1727 3114 1863 3169 Romame
1880 3112 1979 3184 ἡιιιιι,

263 3215 297 3257 eo
314 3201 396 3255 etiam
414 3200 488 3268 quod
505 3200 632 3255 Lucanos
648 3203 678 3253 et
693 3199 800 3268 Apulos
817 3228 850 3240 -
868 3215 931 3254 nam
948 3204 1066 3267 numne
1082 3214 1115 3255 eo
1132 3216 1205 3255 anno
1228 3201 1346 3256 sooietae
1372 3204 1470 3268 eoepta
1492 3205 1586 3254 est-
1605 3198 1731 3254 infidem
1754 3200 1848 3268 populi
1864 3200 1980 3255 Romani

263 3286 376 3343 nemeae
392 3285 516 3341 adlatum
541 3290 599 3341 est:
616 3285 718 3355 quippe
738 3300 823 3356 prope
843 3284 953 3342 modum
970 3290 1133 3353 peruentum
1149 3287 1184 3341 ad
1209 3302 1240 3342 se
1257 3302 1329 3357 esse,
1355 3286 1464 3354 nmque
1481 3286 1509 3340 in
1526 3300 1559 3341 eo
1576 3301 1634 3340 rem
1657 3285 1723 3356 tore,
1749 3291 1782 3342 ut
1798 3286 1913 3342 Romani
1930 3292 1979 3341 aut

263 3373 359 3431 hostes
376 3378 426 3429 aut
442 3372 544 3428 domim
560 3371 680 3428 habendi
697 3372 760 3427 siut
794 3371 938 3428 disorimn
954 3370 1077 3440 profesto
1093 3385 1184 3428 rerum
1206 3389 1318 3429 suarum
1334 3373 1362 3428 in
1379 3372 1451 3428 bello
1469 3371 1631 3428 Samnitium
1648 3377 1803 3440 euentuque
1819 3371 1880 3427 eius
1897 3374 1977 3429 uerti.

265 3464 326 3516 eam
343 3460 430 3517 solam
446 3465 558 3528 gentem
574 3464 688 3528 restam,
710 3473 763 3514 neo
779 3474 840 3514 mm
857 3458 945 3527 ipsam
962 3457 1031 3513 satis
1049 3457 1177 3528 ualidam,
1200 3459 1313 3528 quando
1330 3460 1457 3522 Luoanus
1480 3457 1620 3526 desederit,
1641 3472 1724 3526 quem
1746 3459 1868 3514 reuocari
1886 3459 1977 3514 adhue

261 3546 417 3616 impellique
434 3545 471 3600 ad
487 3543 650 3601 abolendam
668 3545 828 3602 sooietatem
838 3544 988 3600 &monam
1004 3557 1095 3611 posse,
1113 3545 1137 3600 si
1155 3561 1211 3614 qua
1227 3562 1273 3602 ars
1290 3545 1414 3602 serendis
1426 3542 1574 3600 ‘disoordiis
1592 3543 1762 3599 adhibeatur.
1789 3544 1879 3600 haee
1896 3561 1976 3601 oon·

264 3632 349 3687 silia
365 3646 439 3687 oum
455 3630 706 3701 apudoupidos
723 3645 837 3687 rerum
851 3628 1101 3686 nouandarum
1116 3631 1337 3698 ualuissent‚
1354 3647 1394 3687 ex
1411 3631 1602 3686 iuuentute
1616 3629 1753 3697 quidam
1763 3631 1976 3687 Luuanorum

262 3717 382 3788 pretio
406 3716 557 3783 adsoiti,
581 3716 669 3772 olari
691 3716 806 3785 magis
830 3717 923 3772 inter
945 3714 1142 3784 populares
1166 3732 1267 3785 quam
1289 3716 1451 3786 bonesti,
1476 3716 1548 3771 inter
1565 3730 1595 3772 se
1612 3717 1724 3771 mulcati
1741 3717 1794 3786 ipsi
1811 3717 1897 3786 uirgis
1913 3731 1976 3774 oum

263 3818 377 3873 oorpora
398 3802 474 3857 nuda
497 3802 655 3858 intulissent
670 3801 699 3857 in
716 3803 817 3858 oinium
840 3807 956 3870 eostam,
982 3801 1124 3857 uooilerati
1142 3809 1208 3859 sunt
1225 3819 1264 3873 se,
1280 3802 1354 3872 quod
1376 3807 1469 3857 saeua
1485 3803 1608 3859 Romana
1630 3803 1737 3872 ingredi
1760 3804 1821 3859 ausi
1838 3811 1940 3869 meent,
1958 3820 1976 3860 a

260 3889 419 3946 oonsulibus
436 3888 524 3956 uirgis
540 3903 636 3945 oasam
653 3902 687 3943 ao
702 3903 788 3958 prope
810 3888 899 3943 seonri
922 3903 1066 3956 pereussos
1089 3903 1162 3944 esse.
1186 3889 1315 3947 deformis
1337 3896 1435 3958 suapte
1457 3895 1556 3945 natura
1578 3904 1623 3945 res
1640 3906 1703 3946 oum
1720 3891 1837 3959 speeiem
1859 3890 1975 3947 ieiunae

259 3976 350 4046 magis
366 3990 450 4045 qnam
467 3973 523 4029 doli
538 3989 604 4043 prae
622 3989 654 4030 se
670 3973 761 4043 terret,
785 3973 914 4030 manituti
931 3973 1055 4031 homines
1075 3979 1180 4043 oognnt
1197 3976 1314 4031 elamore
1331 3985 1384 4031 suo
1400 3977 1579 4045 magistratus
1602 3982 1727 4033 senatum
1750 3991 1858 4046 uocare,
1882 3984 1912 4034 et
1928 3978 1975 4033 alii

262 4062 471 4118 eimumsmtes
489 4060 632 4116 eonsilium
642 4060 783 4117 bellumin
795 4060 932 4117 Romulos
944 4066 1072 4133 possum,
1087 4062 1135 4117 alii
1146 4062 1183 4118 ad
1195 4062 1383 4119 oonoitandam
1400 4063 1429 4117 in
1445 4079 1522 4118 mma
1538 4063 1737 4119 multitudinem
1753 4063 1905 4132 agresbum
1921 4049 1976 4120 dis

261 4151 381 4218 sursunt
403 4146 577 4215 tumultuque
600 4148 683 4203 etiam
706 4157 788 4224 ιιιοι
811 4153 1003 4203 mustemante
1024 4148 1130 4205 animos
1152 4147 1314 4219 deoernitur,
1337 4156 1369 4205 nt
1385 4149 1502 4206 sooietae
1520 4165 1582 4207 oum
1600 4147 1768 4206 Samnitibus
1783 4156 1974 4216 renouaretur3

260 4234 401 4302 legatique
418 4233 454 4288 ad
471 4247 530 4289 mm
547 4247 606 4288 rem
628 4235 779 4292 mittuntur.
808 4234 951 4303 repentina
973 4249 1019 4290 res
1044 4235 1109 4303 quia
1126 4249 1209 4304 quiam
1226 4251 1337 4292 eausam
1361 4237 1464 4292 nullam
1481 4242 1538 4292 tam
1562 4251 1597 4290 ne
1619 4232 1701 4289 fidem
1717 4236 1827 4304 quidem
1844 4235 1972 4304 babebat,

259 4320 347 4377 wanti
364 4335 383 4375 a
399 4318 566 4375 Samnitibus
584 4325 613 4374 et
629 4318 740 4376 obsides
757 4321 824 4377 dare
841 4326 870 4377 et
888 4321 1025 4390 praesidia
1042 4320 1070 4375 in
1082 4321 1145 4376 looa
1161 4321 1267 4376 munita
1283 4323 1421 4393 aooipere:
1439 4325 1514 4379 oaeoi
1526 4321 1621 4378 fraude
1632 4322 1714 4378 etita
1724 4321 1791 4386 nibil
1803 4327 1972 4378 reeusarunt.

259 4407 423 4462 dilueere
440 4405 570 4462 deinde
586 4405 690 4465 breui
706 4406 807 4464 traua
824 4407 956 4477 eoepit,
973 4412 1121 4477 postquam
1139 4405 1281 4463 suminam
1298 4406 1428 4466 falsorum
1446 4415 1572 4466 auetores
1584 4408 1734 4466 Tarentum
1751 4408 1971 4481 oommigrauere,

259 4494 310 4549 sed
327 4492 430 4548 amissa
446 4494 519 4549 omnl
536 4493 572 4550 de
589 4507 620 4549 se
636 4496 774 4562 potestate
792 4494 860 4550 nibil
877 4495 950 4551 altra
966 4509 1049 4563 quam
1066 4500 1099 4551 ut
1116 4494 1269 4563 paeniteret
1284 4493 1387 4552 trasna
1403 4496 1535 4552 restabat

345 4579 388 4635 l'I.
422 4580 474 4632 Hae
491 4584 575 4648 posui,
599 4584 657 4648 puis
673 4600 697 4641 u,
713 4578 826 4642 dttlds
848 4586 927 4636 dt'oere
949 4586 1030 4652 potuit
1053 4586 1165 4649 Pontius,
1196 4602 1247 4635 ctos
1269 4587 1339 4636 edura
1364 4588 1464 4637 αἱειιιιιι
1488 4588 1620 4653 consilium,
1645 4587 1712 4653 quod
1733 4585 1832 4635 dedam
1851 4596 1924 4650 poter
1940 4587 1970 4636 de

259 4669 378 4720 Roasum'a
395 4669 596 4735 spassandus
611 4670 721 4737 inclusit,
737 4670 883 4735 repudiaret.
901 4672 951 4723 aad.
964 4672 1021 4722 Lia.
1042 4669 1125 4721 VIIII
1139 4666 1218 4721 3-4.
1305 4694 1308 4700 ·

346 4750 389 4807 19.
422 4755 477 4806 Rea
491 4755 675 4821 postferendos
687 4757 809 4807 Gaudiana
825 4756 1015 4822 Repraesentat
1033 4758 1206 4821 intellapendos
1224 4775 1280 4808 aare
1288 4758 1367 4819 faute
1383 4757 1493 4821 adparet.
1511 4759 1587 4809 mim
1605 4760 1694 4809 danem
1711 4769 1756 4823 est,
1775 4774 1824 4821 qua
1840 4774 1867 4807 rs
1883 4759 1969 4807 auditu

259 4841 392 4906 propinqus·
407 4841 516 4892 obsidam
532 4844 558 4894 t'n
574 4844 637 4894 mbas
657 4843 817 4908 prosatoris&
836 4860 868 4894 aa
886 4861 938 4894 eum
955 4845 1119 4908 maduissent,
1137 4844 1275 4893 &columae
1288 4862 1319 4896 aa
1337 4853 1443 4892 aenamm
1466 4844 1582 4907 relipioae
1599 4845 1724 4894 leedan'al
1758 4842 1789 4900 oti
1807 4841 1866 4895 Lis.
1890 4843 1973 4895 VIIII

260 4919 286 4990 b,
303 4922 335 4977 b:
359 4927 388 4979 et
403 4928 514 4993 propter
529 4924 712 4982 neeessariam
728 4923 847 4981 foederis
867 4923 1023 4980 dilationem
1047 4923 1157 4982 obsides
1173 4924 1257 4981 etiam
1274 4924 1393 4982 seeoeud
1408 4925 1515 4993 equites
1532 4924 1664 4995 imperati,
1687 4924 1735 4994 qui
1751 4923 1841 4994 eapite
1857 4924 1972 4997 luerent,

1769 5010 1810 5078 3!
