4500 5609
225 705 301 789 corle
314 709 464 789 Κελτούς.
484 703 576 775 ἅπαν
590 703 653 776 οὖν
672 700 749 792 πρὸς
769 704 929 790 ἀλλήλους
942 703 1076 791 άφέντες
1096 703 1254 794 διάφορον
1276 704 1447 791 δικτάτορα
1468 702 1502 772 τὸ
1524 705 1665 792 πέμπτον
1692 700 1749 771 τὸν
1778 701 1944 792 Κάμιλλον

224 812 344 883 εἵλοντο
367 811 425 881 καὶ
445 805 522 898 πρὸς
536 806 611 888 τοὺς
622 802 807 897 βαρβάρους
822 804 1047 895 ἐστράτευσαν,
1070 806 1112 876 οὐ
1125 806 1221 894 μάχη
1235 808 1344 895 μέντοι
1358 803 1461 895 κοινὴ,
1481 806 1677 894 μονομαχία
1691 804 1725 873 δὲ
1739 807 1858 895 γέγονε
1872 807 1945 893 προ·

223 945 325 1003 τερον.
349 919 414 983 iam
441 914 584 998 sequitur
610 913 749 979 narratio
779 912 959 978 certaminis
988 915 1024 978 T.
1046 911 1154 996 Manli,
1194 912 1268 977 dein
1293 913 1449 997 pergitur:
1479 906 1711 998 συμμιξάντων
1740 907 1774 975 ab
1801 906 1944 976 καὶτῶν

225 1015 472 1106 στρατευμάτων
492 1011 623 1099 ἥττηντο
646 1016 676 1080 οἱ
696 1011 805 1080 Κελτοὶ
825 1011 883 1080 καλ
904 1018 959 1101 τῆς
979 1012 1040 1101 μὲν
1061 1010 1109 1079 ἐπὶ
1131 1008 1323 1101 τῆνιΡῶμην
1338 1012 1436 1101 ὁρμῆς
1451 1011 1644 1099 ἀπέσχοντο,
1664 1008 1724 1094 τὴν
1741 1008 1767 1077 δ’
1776 1010 1945 1097 Ἀλβανίδα

225 1117 426 1203 ἐλεηλάτουν.
453 1112 609 1194 ἐάσαντες
622 1109 685 1184 οὖν
706 1108 829 1193 occisoris
857 1112 1031 1201 διαρπάσαι
1059 1111 1115 1197 τὴν
1142 1113 1270 1201 χώραν,
1299 1114 1342 1194 ὦς
1361 1123 1551 1201 κατακορεῖς
1570 1111 1741 1202 γενάμενοι
1762 1113 1944 1201 βρωμάτων

224 1222 282 1291 καὶ
310 1225 412 1309 με’βης
440 1214 729 1306 ἐυεπιχειρτμάτεροι
757 1211 831 1304 εἶεν,
866 1217 1013 1293 ἐπέθεντο
1048 1216 1136 1302 σφίσι
1165 1216 1222 1284 καὶ
1250 1216 1359 1285 αὐτῶν
1381 1217 1417 1285 δὲ
1443 1212 1578 1294 πολλοὺς
1609 1218 1793 1303 Arabasque
1820 1215 1878 1284 real
1905 1214 1939 1285 τὸ

225 1329 317 1411 σφῶν
338 1319 423 1391 εἶλον
445 1318 667 1408 στρατόπεδον.
1215 1321 1221 1332 ’

310 1428 423 1512 Itaque
455 1426 692 1491 demonstrasse
722 1422 814 1488 nobis
847 1421 999 1504 uidemur,
1033 1424 1204 1489 memoriae
1225 1424 1424 1490 Claudianae
1451 1443 1489 1489 eo
1516 1422 1588 1507 ipso
1614 1422 1694 1505 loco,
1726 1422 1781 1487 ubi
1807 1442 1879 1488 earn
1901 1441 1943 1488 ex

227 1530 317 1596 Liuio
345 1537 380 1595 ut
405 1529 640 1612 discrepantem
678 1545 748 1590 oum
780 1524 932 1609 ,pluribus
962 1525 1154 1591 auctoribus‘
1184 1529 1340 1609 nouimus,
1372 1525 1459 1611 apud
1486 1524 1676 1609 Dionysium
1703 1532 1790 1590 certa
1816 1531 1944 1590 exsere

226 1631 374 1715 uestigia,
402 1631 497 1713 unde,
531 1651 602 1695 cum
633 1628 711 1694 alibi
731 1627 873 1692 inlibris
895 1626 999 1690 V-X
1019 1628 1168 1711 primario
1193 1629 1281 1694 fonte
1308 1648 1386 1694 usus
1408 1647 1481 1694 esse
1502 1627 1649 1692 uideatur
1669 1627 1778 1692 Liuius
1801 1625 1944 1709 Claudio,

228 1734 275 1801 eis
289 1734 378 1817 loeis,
394 1733 507 1816 quibus
518 1731 693 1816 Dionysius
709 1739 741 1794 et
755 1729 864 1794 Liuius
880 1729 1056 1811 concinunt,
1071 1730 1159 1794 illum
1176 1750 1363 1795 conmunem
1378 1731 1425 1795 eis
1439 1730 1557 1796 fontem
1571 1729 1670 1795 fuisse
1685 1730 1754 1795 ueri
1768 1735 1818 1794 est
1831 1728 1944 1795 simile.

310 1835 361 1900 Ex
382 1836 543 1919 sequentis
565 1832 681 1899 aetatis
703 1831 908 1916 scriptoribus
929 1832 1122 1896 mentionem
1145 1833 1213 1899 eius
1244 1832 1321 1897 facit
1343 1832 1489 1897 Seneca
1515 1832 1725 1917 philosophus
1753 1838 1849 1915 atque
1874 1850 1945 1894 nar·

227 1937 381 2003 rationem
403 1936 564 2020 quandam
586 1934 636 2020 (ir.
660 1932 716 2020 80)
739 1953 779 2000 cx
800 1935 880 2000 libro
903 1933 1159 1999 duodeuicesimo
1182 1934 1388 2020 deprompsit.
1431 1934 1556 2000 Deinde
1570 1935 1734 2000 Hadriano
1755 1935 1945 2017 imperatore

227 2041 359 2105 multum
386 2039 547 2105 lectitatus
575 2044 608 2103 et
628 2036 662 2101 in
682 2056 775 2102 usum
797 2030 1086 2102 conmentariorum'
1105 2037 1381 2121 grammaticorum
1410 2045 1578 2120 excerptus
1598 2044 1656 2121 est,
1690 2057 1760 2102 curn
1782 2034 1943 2100 adrideret

229 2141 409 2207 hominibus
431 2140 496 2207 illis
522 2138 721 2222 antiquitatis
749 2137 901 2205 studiosis
929 2159 1031 2223 genus
1060 2139 1219 2205 scribendi
1241 2139 1377 2224 simplex
1398 2147 1494 2222 atque
1516 2138 1685 2204 horridum.
1717 2147 1754 2203 ut
1774 2137 1945 2218 Cellius,

230 2244 259 2310 si
281 2243 350 2310 eius
373 2243 478 2308 uerbis
500 2242 597 2308 fidem
618 2241 728 2325 habes,
751 2241 936 2325 frequenter
961 2261 1033 2306 eum
1060 2242 1140 2325 legit
1161 2248 1269 2306 etant
1290 2262 1330 2308 cr
1352 2262 1412 2308 sua
1432 2241 1570 2307 lectione
1591 2242 1691 2305 multa
1711 2240 1855 2305 noctibus
1878 2239 1945 2304 suis

228 2346 345 2412 Atticis
368 2345 501 2411 inseruit
520 2352 576 2409 aut
597 2343 717 2409 amicos
744 2343 936 2409 Fauorinum
959 2343 1066 2428 (v1111
1090 2345 1154 2427 13),
1183 2345 1374 2410 Frontonem
1402 2342 1496 2428 (xlss
1516 2346 1567 2427 29,
1592 2346 1635 2425 lt,
1663 2341 1821 2426 Iulianum
1842 2341 1946 2407 rheto-

230 2467 298 2514 rem
319 2446 390 2532 (XV
409 2445 450 2532 1),
473 2446 690 2530 Apollinarem
706 2445 880 2530 Sulpicium
901 2445 976 2522 (XX
991 2448 1020 2527 6,
1039 2444 1093 2531 11)
1115 2446 1157 2512 de
1172 2466 1211 2513 eo
1232 2448 1426 2513 disserentes
1442 2454 1474 2509 et
1489 2445 1636 2528 exempla
1657 2442 1838 2514 adferentes
1858 2442 1945 2508 facit.

230 2550 328 2633 quid?
350 2549 435 2631 quod
457 2548 563 2629 (Vllll
587 2550 636 2628 14,
660 2546 692 2633 1)
715 2547 758 2611 ad
778 2546 965 2613 firmandam
988 2548 1176 2632 scripturam
1219 2549 1379 2633 quandam
1405 2548 1537 2631 ,aliquot
1557 2554 1683 2612 ueteres
1705 2546 1815 2612 libros‘
1843 2566 1879 2611 se
1901 2546 1947 2608 in·

231 2651 379 2737 spexisse
400 2649 566 2736 praedicat
587 2655 620 2714 et
640 2650 693 2715 uel
724 2649 803 2732 libri,
837 2669 930 2732 quem
951 2651 985 2715 in
1006 2651 1129 2717 Tiburti
1148 2652 1341 2717 bibliotheca
1362 2652 1482 2717 uidisse
1505 2670 1541 2716 se
1562 2650 1647 2732 dicit,
1670 2650 1859 2715 auctoritate
1880 2649 1947 2732 glo·

230 2755 339 2821 natur.
393 2753 491 2819 Porro
521 2751 617 2817 etiam
639 2752 874 2818 Frontonem
895 2753 929 2818 in
957 2754 1094 2839 epistula
1121 2755 1259 2838 quadam
1288 2774 1390 2839 genus
1417 2754 1486 2819 eius
1515 2752 1675 2819 scribendi
1703 2751 1854 2818 laudasse
1882 2749 1946 2814 iam

231 2876 329 2942 supra
350 2853 663 2921 conmemorauimus.

336 2956 388 3021 Ex
408 2957 520 3024 horum
541 2962 648 3022 autem
669 2957 858 3042 scriptorum
878 2956 1009 3038 horreis,
1032 2977 1114 3039 quae
1135 2957 1252 3023 rescita
1273 2965 1363 3023 erant
1377 2957 1532 3041 exemplis
1548 2956 1742 3040 Claudianis,
1765 2955 1819 3039 qui
1833 2962 1947 3040 postea

230 3061 272 3127 de
292 3062 388 3127 rebus
410 3059 626 3143 grammaticis
648 3079 743 3143 egere
758 3066 814 3125 aut
827 3060 1024 3142 glossemata
1045 3060 1204 3143 collegere
1223 3068 1279 3125 aut
1292 3065 1405 3144 poetas
1427 3058 1675 3143 explioauerunt.
1697 3079 1756 3125 sua
1770 3057 1947 3144 sumpsisse

230 3162 387 3246 uidentur,
419 3181 523 3245 neque
554 3168 682 3227 exstant
714 3168 801 3227 certa
833 3162 979 3245 uestigia,
1013 3161 1108 3227 etiarn
1137 3170 1212 3246 post
1237 3162 1317 3228 illud
1344 3167 1469 3246 tempus
1490 3161 1605 3227 Claudi
1626 3163 1759 3228 annales
1782 3162 1815 3227 in
1836 3162 1944 3228 multis

230 3266 377 3330 manibus
398 3262 538 3350 hrisse.¹)
560 3284 635 3329 nam
656 3262 821 3329 Nonium
843 3284 907 3329 non
928 3265 1110 3349 inspexisse
1132 3265 1236 3349 ipsum
1251 3264 1418 3331 Claudium
1439 3265 1493 3330 uix
1515 3272 1565 3330 est
1586 3285 1641 3330 cur
1661 3284 1755 3348 nunc,
1777 3270 1946 3349 postquam

231 3373 364 3434 tottam
391 3367 486 3431 claris
520 3365 675 3449 exemplis
706 3366 871 3432 leuissima
901 3368 981 3433 ratio
1012 3369 1081 3433 eius
1109 3365 1301 3451 excerpendi
1324 3373 1356 3431 et
1376 3366 1606 3432 transcribendi
1638 3366 1855 3432 demonstrata
1887 3373 1946 3450 est,

231 3489 426 3535 moneamus.
459 3468 576 3534 similia
601 3486 678 3533 uero
708 3467 804 3533 etiam
831 3468 872 3533 de
898 3469 1100 3536 Macrobio
1133 3470 1184 3546 (fr.
1212 3467 1279 3555 45),
1309 3470 1463 3554 scriptore
1490 3468 1573 3533 Noni
1599 3467 1686 3533 haud
1715 3468 1871 3551 dissimili,
1905 3468 1946 3533 de

233 3573 376 3639 Seruio
400 3569 451 3657 (fr.
472 3573 525 3638 31.
547 3570 599 3636 52.
622 3569 687 3655 92),
717 3569 760 3636 de
781 3571 991 3638 Lactantio
1014 3572 1096 3637 Stati
1117 3572 1291 3637 Thebaidis
1314 3571 1489 3637 scholiasta
1517 3569 1566 3656 (fr.
1590 3569 1654 3657 74),
1688 3570 1729 3636 de
1750 3569 1947 3637 Diomede

233 3673 285 3752 (fr.
309 3678 360 3740 71.
383 3673 448 3758 77),
472 3671 512 3737 dc
533 3671 743 3738 Prisciano
765 3675 814 3750 (tr.
836 3676 889 3743 39.
910 3676 963 3739 49.
984 3676 1036 3741 56.
1060 3676 1110 3740 73.
1130 3676 1180 3742 74.
1202 3676 1258 3757 97)
1282 3673 1452 3739 statuenda
1473 3672 1588 3758 sunt’)

155 3789 159 3796 ‘
318 3777 432 3842 Restat
456 3781 493 3840 ut
519 3774 560 3840 de
591 3773 714 3840 ratione
745 3795 828 3858 quae
859 3775 1035 3846 intercedat
1066 3776 1148 3841 inter
1168 3776 1335 3842 Claudiurn
1357 3775 1600 3861 Quadrigarium
1622 3783 1655 3841 et
1675 3774 1842 3842 Claudium
1864 3772 1947 3837 Acili

233 3880 441 3963 interpretem
462 3877 670 3961 disputemus.
724 3877 834 3945 Liuius
857 3878 940 3943 enim
967 3885 1094 3963 praeter
1119 3879 1231 3944 decem
1257 3897 1337 3962 quos
1364 3878 1428 3942 iam
1457 3879 1674 3945 recensuimus
1701 3880 1797 3958 locos,
1830 3876 1944 3958 quibus

233 3990 393 4048 auctorem
415 3997 505 4043 suum
526 3998 590 4043 uno
613 3978 726 4045 Claudi
748 3981 875 4045 nominc
897 3980 1048 4065 appellat,
1078 3979 1201 4047 duobus
1226 3981 1304 4046 locis
1327 3981 1494 4047 Claudiurn
1516 3980 1675 4064 quendam
1695 3979 1806 4044 laudat
1827 3979 1946 4045 additis

232 4084 322 4150 hisce
343 4078 466 4148 uerbis:
498 4078 596 4145 XXV
617 4084 669 4165 39,
694 4086 733 4150 12
755 4090 875 4164 ,auctor
897 4089 948 4148 est
968 4082 1165 4149 Claudius
1193 4084 1260 4166 qui
1287 4085 1455 4150 annales
1482 4083 1690 4149 Acilianos
1719 4100 1765 4147 er
1793 4081 1947 4148 Graeco

232 4187 273 4251 in
293 4186 477 4250 Latinum
499 4201 717 4250 sermonem
738 4186 876 4250 uertit‘
898 4193 930 4250 et
943 4185 1066 4250 XXXV
1081 4187 1111 4267 6,
1129 4189 1161 4250 1:
1183 4185 1390 4269 ,Claudius
1412 4193 1576 4252 secutus
1599 4187 1775 4251 Graecos
1796 4184 1949 4250 Acilia·

233 4309 305 4356 nos
327 4287 523 4353 libros-
544 4285 662 4352 tradit‘
688 4307 782 4370 quem
804 4286 971 4353 Claudium
1000 4287 1074 4369 quia
1096 4286 1246 4371 Sigonius
1280 4284 1618 4373 (coniunxisse)
1651 4294 1779 4372 etpost
1799 4306 1872 4351 eum
1894 4285 1949 4350 alii

235 4392 441 4458 seiunxerunt
460 4409 483 4453 a
503 4387 723 4473 Quadrigario,
750 4387 988 4475 Giesebrecht⁸)
1017 4390 1159 4475 pluribus
1188 4390 1335 4457 euincere
1356 4392 1477 4458 studuit
1498 4411 1538 4457 ea
1558 4392 1656 4457 uerba
1677 4391 1748 4458 sine
1769 4396 1854 4457 certo
1876 4408 1949 4455 con·

202 4643 207 4650 ,
325 4576 342 4638 ¹)
360 4572 457 4627 Mirum
474 4579 519 4629 est
542 4574 617 4642 quod
635 4573 744 4630 Closset
760 4592 786 4645 p.
804 4575 857 4632 495
874 4574 1018 4632 Claudium
1036 4591 1123 4645 usque
1142 4576 1177 4630 ad
1194 4576 1304 4633 Ioannis
1323 4577 1539 4634 Sarcsbsriensis
1568 4582 1688 4634 aetatem
1709 4578 1869 4646 peruenisse
1892 4576 1946 4632 oxi-

235 4645 345 4725 stumat.
364 4642 412 4698 ubi
429 4643 500 4725 enim
518 4660 580 4699 cum
598 4644 666 4698 citat
684 4645 790 4706 rPolicr.
801 4645 828 4701 V
840 4645 874 4716 7),
892 4662 943 4700 sna
960 4645 1054 4700 hausit
1071 4662 1106 4701 er
1123 4646 1210 4703 Gellio
1234 4648 1339 4719 (1118),
1363 4650 1434 4703 talso
1450 4664 1499 4717 pro
1517 4647 1628 4703 Valerio
1646 4647 1759 4702 Antiate
1777 4645 1947 4702 substituens

234 4710 375 4792 Valerium
399 4712 553 4768 Maxumum.
583 4713 617 4768 ci.
642 4714 865 4770 Schaarschmidt
894 4715 1043 4784 ,lohannes
1067 4716 1283 4774 Saresberiensis
1307 4719 1335 4773 in
1358 4720 1462 4774 seinem
1487 4717 1660 4773 Verhdltniss
1691 4732 1741 4771 zur
1772 4715 1946 4772 hlassischcn

234 4779 392 4837 Litteratur‘
409 4782 437 4836 in
455 4797 526 4838 nouo
544 4800 613 4838 mus.
631 4783 719 4840 Rhen.
735 4785 817 4840 XlllI
834 4786 923 4854 (1859)
940 4800 967 4854 p.
986 4787 1045 4840 206.
1343 4791 1345 4798 '

325 4856 344 4915 ²)
364 4853 405 4906 De
417 4851 511 4908 Orosio
528 4853 575 4920 qui
587 4853 694 4908 Liuium
712 4854 739 4908 in
758 4855 894 4923 epitomen
911 4855 1013 4923 redigit
1030 4852 1065 4910 cf.
1083 4869 1168 4920 supra
1178 4870 1206 4923 p.
1219 4856 1245 4909 6.

236 4984 243 4999 ‚
279 4991 305 5046 Η
322 4921 343 4988 ³)
363 4920 500 5047 SeouLntpr
515 4923 679 5047 erpgbetim
695 4925 802 4993 Pluess,
820 4925 854 4980 de
872 4924 973 4982 Cinciis
989 4940 1080 4980 rerum
1096 4924 1279 4979 Romanarum
1296 4921 1474 4991 scriptoribus
1491 4938 1518 4992 p.
1535 4922 1570 4978 43
1588 4935 1664 4990 seqq.
1681 4924 1711 4977 et
1729 4919 1780 4978 Th.
1799 4921 1948 4980 Mommsen

234 5002 262 5043 ιο
306 5006 370 5047 orm.
388 5007 425 5048 uo
494 5006 521 5060 p.
607 4998 664 5049 not
