4500 5609
1173 405 1213 470 16

1096 490 1294 501 ———...—

336 601 491 688 flagitium
517 600 638 667 ciuitati
664 599 822 685 adcidere,
856 606 983 667 etanta
1011 602 1151 668 exercitu
1176 603 1334 669 neminem
1367 604 1501 690 prodire.
1532 604 1570 688 is,
1602 611 1638 671 ut
1658 604 1739 689 dico,
1772 606 1930 692 processit
1950 625 2054 689 neque

338 726 454 793 passus
477 711 527 771 est
546 703 693 770 uirtutem
708 704 885 771 Romanam
906 705 946 771 ab
963 701 1060 771 Gallo
1082 706 1214 792 turpiter
1236 707 1376 793 spoliari.
1420 708 1516 775 Scuto
1537 708 1679 793 pedestri
1700 714 1733 774 et
1751 708 1861 793 gladio
1875 709 2052 795 Hispanico

339 811 460 877 cinctus
487 814 598 874 contra
619 807 747 873 Gallum
773 808 922 875 constitit.
965 808 1053 874 Metu
1073 829 1190 894 magno
1213 831 1253 877 ea
1274 811 1457 895 congressio
1478 812 1512 876 in
1534 811 1604 896 ipso
1625 812 1724 897 ponti
1756 819 1889 895 utroque
1911 813 2052 879 exercitu

338 914 546 999 inspectante,
574 910 659 976 iacta
681 918 740 979 est
783 911 842 994 lta,
871 919 907 978 ut
928 919 1003 980 ante
1026 912 1101 995 dixi,
1135 915 1356 981 constiterunt:
1389 915 1503 982 Gallus
1526 934 1586 979 sua
1606 913 1777 998 disciplina
1798 922 1889 981 scuto
1910 915 2053 1001 proiecto

339 1014 592 1096 cunctabundum
613 1013 751 1080 Manlius
772 1015 878 1081 animo
893 1015 997 1099 magis
1013 1034 1108 1098 quam
1121 1023 1191 1082 arte
1212 1017 1360 1100 confisus,
1383 1025 1473 1083 scuto
1495 1024 1620 1083 scutum
1639 1017 1799 1101 percussit
1820 1023 1915 1100 atque
1938 1025 2054 1084 statum

339 1118 425 1185 Galli
445 1117 650 1185 conturbauit.
672 1115 747 1182 dum
762 1136 798 1183 se
813 1119 926 1184 Gallus
948 1118 1061 1183 iterum
1083 1119 1195 1186 eodem
1217 1127 1312 1205 pacto
1334 1120 1525 1186 constituere
1548 1120 1661 1203 studet,
1681 1120 1819 1186 Manlius
1834 1121 1947 1186 iterum
1963 1127 2053 1186 scuto

339 1227 462 1287 scutum
487 1221 625 1305 pereutit
651 1227 746 1303 atque
772 1222 905 1288 deloco
935 1222 1094 1288 hominem
1121 1223 1234 1288 iterum
1261 1221 1389 1307 deiecit,
1422 1243 1460 1290 eo
1483 1231 1577 1308 pacto
1599 1224 1629 1289 ei
1651 1224 1709 1290 sub
1733 1223 1891 1290 Gallicum
1912 1224 2055 1314 gladiqm

339 1323 501 1407 suecessit,
523 1343 564 1389 ue
580 1325 692 1390 Gallus
714 1325 865 1410 impetum
887 1326 920 1390 iu
941 1325 1007 1391 ictu
1027 1325 1167 1409 haberet,
1190 1333 1284 1407 atque
1298 1326 1473 1410 Hispanico
1494 1334 1605 1412 pectus
1627 1327 1750 1410 hausit,
1773 1326 1889 1392 deinde
1904 1326 2054 1393 contiuuo

338 1426 502 1493 humerum
523 1427 668 1491 dentum
690 1428 802 1493 eodem
824 1448 999 1512 congressu
1019 1428 1131 1494 incidit
1145 1447 1247 1511 neque
1262 1430 1394 1495 recessit
1408 1447 1551 1513 usquam,
1574 1429 1675 1496 donec
1690 1429 1853 1496 subuertit
1897 1429 1959 1495 Vbi
1982 1449 2054 1494 eum

339 1530 500 1612 subuertit,
529 1537 625 1613 eaput
645 1531 809 1615 praecidit,
837 1538 979 1614 torquem
1006 1532 1144 1608 detraxit
1176 1550 1309 1615 eamque
1335 1533 1614 1617 sanguinulentam
1637 1533 1698 1599 sibi
1719 1533 1753 1599 in
1775 1533 1890 1600 cellum
1912 1533 2053 1619 imponit

340 1633 408 1712 Quo
432 1654 471 1698 ex
493 1632 577 1699 lacto
598 1633 669 1718 ipse
690 1636 872 1719 posterique
894 1635 963 1701 eius
985 1636 1137 1718 Torquati
1159 1642 1233 1702 sunt
1255 1636 1477 1720 cognominati.

340 1919 436 1981 Hertz
459 1942 524 1981 eim
545 1922 580 1982 B
595 1920 701 1983 PML
723 1924 868 2000 flagicium
889 1945 906 1982 r
924 1923 930 2004 Ι
949 1925 1082 1984 adsidere
1106 1921 1203 1985 Hertz
1225 1948 1290 1986 cum
1313 1925 1351 1985 M
1370 1927 1507 1986 accedere
1521 1911 1561 1985 'L
1582 1926 1712 1986 accidere
1741 1923 1831 1985 ceteri
1852 1921 1926 1983 titre·
1946 1920 2059 1983 Hertzi

338 2025 478 2086 accid’ere
498 2029 585 2100 panta
599 2028 728 2087 exercitii
750 2047 767 2084 r
791 2025 798 2106 Ι
821 2044 838 2086 e
859 2030 940 2087 tanto
963 2047 1021 2089 om.
1039 2025 1082 2087 B.
1102 2024 1109 2105 Ι
1131 2033 1218 2097 rante
1233 2028 1265 2090 L
1286 2027 1291 2109 Ι
1309 2029 1419 2112 pcessit
1443 2030 1471 2087 V
1489 2027 1495 2110 Ι
1532 2057 1550 2092 a
1567 2024 1696 2105 ispanico
1716 2023 1786 2109 p(h
1802 2028 1883 2102 erac)
1901 2055 1920 2090 a
1937 2029 2055 2102 spanico

342 2126 511 2204 Lspanico
541 2127 572 2189 Β
599 2127 714 2204 hispani
736 2130 901 2190 concinctus
922 2156 946 2210 φ
967 2131 1077 2205 spauici
1104 2151 1212 2214 capr.
1228 2152 1269 2194 m.
1295 2131 1437 2208 hispanici
1465 2130 1659 2210 roseam}
1684 2128 1773 2211 metu]
1804 2138 1857 2189 avit
1878 2129 1907 2189 oi
1928 2128 2054 2190 Liuium
2107 2165 2113 2174 -

340 2231 480 2310 nequeatis,
512 2231 578 2316 spei
597 2231 681 2290 notio
704 2240 748 2291 eat
775 2232 935 2293 addenda.-
967 2233 1025 2309 Spe
1052 2237 1187 2309 metuque
1214 2252 1328 2312 magno,
1361 2243 1413 2293 ortt
1439 2233 1644 2293 ambazaco:
1678 2234 1785 2307 impetu
1813 2250 1929 2308 magno,
1952 2231 2055 2310 'ponti

224 2373 226 2376 -
340 2329 438 2393 Hertz
459 2356 524 2394 cam
546 2330 617 2394 BL
639 2338 728 2409 ponte
751 2335 842 2393 ceteri
862 2335 925 2395 eise
946 2332 1019 2394 libri
1032 2344 1061 2393 et
1074 2333 1154 2413 riolp,
1175 2334 1181 2418 Ι
1200 2340 1371 2412 expectante
1392 2363 1416 2415 φ
1435 2334 1440 2416 Ι
1460 2340 1504 2396 est
1518 2341 1550 2395 ut
1564 2338 1606 2396 ita
1620 2332 1749 2397 antedixi
1765 2332 1796 2394 L
1816 2333 1821 2414 Ι
1839 2334 2056 2394 cunctabundus

341 2432 438 2497 Hertz
459 2458 525 2498 cum
547 2435 579 2495 P
597 2435 796 2496 cantabundus
822 2436 913 2497 ceteri
942 2433 1015 2496 libo-i
1035 2446 1064 2496 et
1083 2436 1165 2516 uolo.
1186 2436 1193 2521 Ι
1217 2444 1299 2499 scuto
1327 2444 1439 2498 scutum
1462 2435 1560 2500 Hert:
1588 2460 1653 2498 eam
1674 2437 1778 2498 rBM
1782 2434 1810 2498 L
1833 2440 1944 2496 scutum
1973 2441 2055 2495 scuto

339 2539 429 2598 ceteri
449 2536 669 2616 1111111019.
690 2535 812 2617 {statim
832 2535 865 2598 L
884 2537 890 2615 Ι
914 2539 1093 2612 perturbauit
1113 2540 1176 2621 Ρφ
1200 2542 1206 2620 Ι
1228 2541 1306 2625 dum]
1339 2561 1403 2602 curn
1426 2540 1456 2602 L
1481 2542 1486 2614 Ι
1513 2543 1552 2603 its
1575 2540 1605 2602 L
1630 2543 1636 2622 Ι
1658 2542 1830 2600 constituere
1860 2541 1911 2613 Vt
1935 2540 2051 2600 manili⁹

344 2639 372 2697 V
393 2641 507 2699 mallius
529 2639 570 2701 M
585 2638 590 2723 Ι
607 2639 721 2723 iterum]
743 2650 836 2701 ectu
852 2641 884 2700 in
901 2639 931 2701 L
953 2663 991 2701 ec
1012 2663 1090 2704 cors.
1110 2640 1115 2722 Ι
1135 2642 1249 2705 homine
1271 2645 1414 2705 homiuem
1439 2641 1497 2722 ΜΙ
1516 2663 1550 2705 eo
1572 2642 1668 2726 pacto]
1691 2665 1732 2702 on
1753 2662 1788 2703 eo
1810 2641 1908 2702 iacto?
1927 2640 1932 2721 Ι
1951 2642 2050 2718 gladiis

337 2744 444 2820 gallicu
465 2742 536 2804 LR
552 2753 621 2804 ante
649 2753 771 2807 correct.
791 2742 798 2823 Ι
822 2762 859 2804 ue
880 2743 982 2805 Gallus
1002 2745 1195 2827 -haberet,
1227 2749 1311 2830 qnod
1336 2757 1380 2808 eat
1406 2749 1438 2806 iu
1466 2745 1551 2807 tibris
1572 2756 1647 2830 post
1679 2746 1829 2824 subuertit,
1862 2744 1919 2803 huc
1948 2752 2050 2803 bona·

290 2903 295 2912 ,
336 2847 440 2930 pontit
459 2843 604 2906 Hertzt'ua
622 2845 628 2925 Ι
646 2848 676 2906 iu
697 2847 757 2906 ictu
778 2843 923 2908 Hortat'sta
944 2869 1010 2908 crem
1032 2869 1048 2905 r
1069 2850 1118 2909 icti
1140 2852 1232 2910 oeten·
1250 2852 1314 2912 eius
1335 2849 1407 2911 libri
1427 2859 1456 2908 ct
1476 2846 1556 2927 υοῲ.
1579 2845 1769 2929 {hispauuico
1790 2869 1807 2906 r
1824 2875 1842 2911 a
1860 2848 2022 2922 ispaniooq
2040 2843 2046 2926 Ι

338 2966 467 3010 umerum
490 2948 529 3009 M
541 2946 551 3028 Ι
568 2966 710 3010 consensu
730 2946 808 3010 BL
830 2967 966 3010 concessu
990 2952 1081 3011 ceteri
1101 2949 1174 3011 libri
1195 2950 1305 3014 Hertzi
1330 2969 1484 3029 congressu
1510 2947 1646 3014 Gronau.
1674 2948 1680 3031 Ι
1701 2968 1822 3027 usquam
1849 2951 1969 3011 recessit
1991 2948 2022 3009 L
2043 2989 2046 3027 3

339 3053 432 3128 capud
453 3073 470 3111 r
490 3049 496 3132 Ι
513 3053 772 3128 praeciditorquem
795 3050 886 3112 Noni
906 3054 972 3116 cod.
994 3051 1035 3113 L.
1058 3053 1198 3134 ltetraxit
1224 3053 1250 3114 L
1276 3051 1548 3136 lsanguinuleutam
1582 3051 1701 3114 GBM
1710 3054 1767 3134 Vq>
1792 3050 2050 3128 1101111191-

337 3155 482 3214 uuleutem
505 3151 536 3213 L
556 3156 561 3232 Ι
580 3156 692 3232 inponit
712 3181 736 3235 φ
760 3152 884 3216 Nonius
902 3153 908 3236 Ι
927 3157 976 3231 qui
997 3175 1034 3215 ex
1055 3157 1075 3215 t'.
1098 3183 1132 3236 φ.

339 3423 445 3477 decoris
462 3424 576 3490 species.
598 3437 652 3477 non
669 3427 774 3490 cautis,
803 3436 857 3476 non
874 3421 1007 3476 exultatio
1030 3434 1219 3488 armorumque
1236 3421 1353 3488 agitatio
1370 3438 1451 3493 uana,
1474 3422 1524 3477 sed
1541 3425 1638 3489 pectus
1655 3419 1803 3476 animorum
1821 3422 1932 3488 iraeque
1949 3421 2051 3475 tacitae

315 3515 317 3522 ’
338 3510 449 3578 plenum
465 3524 572 3563 omnem
590 3507 717 3564 ferociam
734 3508 762 3562 in
779 3506 924 3562 discrimen
944 3507 1035 3576 ipsum
1057 3507 1213 3562 certaminis
1237 3508 1387 3564 distulerat
1405 3510 1452 3565 ubi
1470 3508 1616 3564 constitere
1641 3507 1712 3562 inter
1735 3508 1805 3563 duas
1831 3508 1904 3562 acies
1921 3511 1964 3562 tot
1981 3507 2054 3562 circa

340 3596 494 3652 mortallum
512 3595 610 3650 animis
627 3609 677 3663 ape
694 3599 824 3661 metuque
847 3592 1039 3664 pendentibus,
1066 3594 1162 3650 Gallus
1180 3593 1257 3650 uelut
1273 3596 1358 3650 melea
1383 3611 1500 3665 superne
1524 3594 1657 3654 inminens
1680 3594 1800 3662 proiecte
1824 3593 1907 3648 laeva
1929 3599 2008 3649 scuto
2025 3593 2053 3647 in

340 3682 512 3738 aduenientis
529 3697 605 3737 arma
622 3679 710 3736 hostis
728 3696 829 3736 uanum
847 3681 947 3736 caesim
965 3696 1027 3735 cum
1043 3681 1150 3750 ingenti
1168 3682 1259 3736 sonitu
1277 3697 1369 3737 ensem
1387 3683 1498 3738 deiecit:
1522 3683 1661 3737 &manus
1678 3694 1806 3734 mucrone
1824 3679 1958 3749 subrecto,
1976 3695 2053 3733 cum

342 3775 445 3825 scuto
462 3774 602 3823 scutum
619 3768 702 3822 imum
719 3768 942 3837 perculisset
970 3772 1084 3836 totoque
1108 3784 1220 3836 corpore
1237 3769 1347 3824 interior
1364 3771 1484 3838 periculo
1502 3769 1624 3824 uulneris
1641 3765 1732 3822 tactus
1749 3767 1917 3822 insinuasset
1935 3782 1965 3821 se
1982 3766 2054 3820 iuter

340 3871 440 3925 corpus
457 3869 595 3924 armaque,
613 3870 668 3910 uno
685 3855 827 3922 alteroque
844 3854 959 3910 subinde
976 3855 1031 3910 ictu
1050 3861 1173 3910 uenuem
1191 3860 1275 3923 atque
1291 3856 1405 3925 inguina
1421 3857 1545 3912 bausit
1573 3861 1602 3910 et
1618 3855 1646 3909 in
1664 3853 1783 3922 spatium
1807 3856 1906 3923 ingens
1929 3859 2053 3906 ruentem

339 3945 461 4012 porrexit
473 3943 588 3998 hostem
606 3941 721 3996 iacentis
734 3941 796 3996 inde
809 3957 908 4010 corpus
920 3942 956 3997 ab
968 3936 1040 3997 bmni
1053 3941 1108 3996 alia
1120 3943 1265 3997 uexatione
1277 3943 1410 3998 intactum
1422 3959 1476 3998 une
1489 3949 1586 4010 torque
1599 3940 1734 4010 spoliauit,
1747 3955 1787 4009 qu
1795 3956 1843 3996 ern
1854 3953 2055 4007 respersum

340 4044 469 4084 cruore
492 4029 590 4085 collo
615 4028 861 4083 circumdedit
884 4044 954 4084 suo.
973 4027 1107 4083 defixerat
1125 4043 1212 4098 pauor
1229 4044 1291 4083 curn
1309 4030 1486 4085 admiratione
1504 4030 1612 4086 Gallos:
1631 4027 1745 4082 Romi
1762 4029 1867 4083 alacres
1884 4023 1920 4080 ab
1938 4023 2056 4080 statione

341 4113 451 4171 obuiam
468 4114 544 4170 militi
563 4130 613 4171 suo
624 4114 772 4184 progressi,
790 4115 962 4184 gratulantes
973 4115 1174 4183 laudantesque
1186 4114 1222 4169 ad
1234 4114 1394 4172 dictatorern
1411 4117 1572 4186 perducunt.
1591 4115 1662 4169 iuter
1678 4116 1826 4170 carminum
1843 4127 1927 4181 prope
1944 4112 2053 4167 modurn

340 4200 480 4256 incondita
506 4203 643 4268 quaedam
671 4201 825 4257 militariter
848 4202 1000 4258 ioculantes
1025 4201 1158 4270 Torquati
1182 4216 1331 4270 cognomen
1359 4204 1490 4274 auditum,
1517 4201 1684 4257 celebratum
1709 4202 1809 4257 deinde
1833 4200 1950 4268 posteris
1972 4199 2056 4253 etiam

342 4287 515 4355 familiaeque
537 4288 633 4344 honori
652 4287 712 4344 fuit
739 4288 855 4343 dictator
878 4304 1006 4344 eorormm
1030 4304 1141 4344 auream
1165 4288 1272 4344 addidit
1295 4288 1397 4345 donum
1422 4291 1551 4358 mirisque
1573 4305 1624 4357 pro
1641 4290 1767 4345 contione
1783 4302 1844 4342 eam
1860 4302 1981 4357 pugnam
1999 4286 2058 4342 lau·

342 4374 424 4431 dibus
442 4372 513 4428 tulit
548 4379 639 4428 Errare
657 4381 717 4429 enim
734 4381 851 4429 eristum
862 4378 1039 4430 Lucdmmmam
1056 4381 1096 4441 (dc
1105 4380 1172 4442 sont.
1187 4379 1246 4431 Lis.
1263 4380 1281 4429 1
1293 4399 1320 4445 p.
1333 4376 1378 4442 67)
1396 4400 1426 4430 ex
1440 4382 1543 4430 Glarsdr'o
1557 4380 1654 4430 Liuiam
1670 4382 1729 4430 brec
1744 4381 1832 4429 taeta
1849 4397 1905 4428 ease
1923 4389 2057 4442 aequatem,

342 4483 392 4514 eum
410 4466 533 4515 haiemim
556 4466 613 4528 sint,
637 4467 661 4514 in
679 4467 765 4530 quibua
784 4465 871 4518 Liuias
896 4476 920 4516 et
937 4467 1030 4516 Gellius
1054 4468 1204 4529 dissertiunt,
1231 4469 1256 4516 in
1269 4468 1383 4533 plurimis
1408 4470 1478 4518 rebus
1495 4486 1569 4533 saepe
1585 4469 1621 4517 od
1636 4470 1731 4517 uerbum
1750 4478 1889 4529 congruont.
1921 4482 1996 4528 aeque
2012 4465 2058 4513 boc

344 4567 395 4599 cum
411 4551 454 4601 illo
464 4551 539 4617 facit,
564 4552 632 4615 quod
647 4550 735 4601 Liuius
760 4551 797 4601 VI
811 4546 846 4601 ¹12
870 4552 984 4601 rationem
1008 4563 1136 4618 teorrporum
1153 4553 1184 4601 ab
1201 4553 1305 4604 Claudio
1330 4554 1360 4604 dc
1385 4554 1430 4603 boc
1451 4555 1546 4620 proelio
1570 4554 1651 4602 initam
1673 4554 1816 4619 inprobato
1845 4552 1906 4616 qaid
1928 4552 1987 4599 enim
2012 4567 2057 4598 tros

343 4635 448 4699 impedit,
474 4638 598 4701 quominus
616 4634 721 4699 Liuium,
746 4640 787 4688 coi
807 4640 965 4688 conedouera
987 4639 1077 4689 Claudi
1096 4638 1164 4688 hored
1184 4640 1289 4703 abactam
1304 4642 1389 4702 fluisse
1413 4660 1443 4690 cx
1461 4642 1513 4690 loco
1539 4640 1581 4689 illo
1606 4640 1722 4703 sequitur,
1746 4657 1796 4688 conr
1820 4648 1941 4687 saetosam
1960 4653 2058 4686 saonen

341 4723 463 4784 ymaitota
485 4734 615 4789 pennatum
640 4725 665 4774 r'n
687 4741 772 4773 aunum
795 4719 910 4780 361l393
933 4727 1074 4790 seposuisse
1097 4726 1283 4776 m'ssamemas
1324 4727 1404 4776 Eoum
1421 4747 1451 4776 ex
1468 4746 1498 4778 oo
1514 4745 1540 4777 rc
1558 4738 1673 4775 certamen
1697 4725 1759 4775 itud
1779 4745 1809 4775 ex
1831 4725 1911 4773 alieno
1936 4724 1990 4772 loco
2013 4722 2058 4770 hoc

342 4809 457 4858 insnum
475 4828 529 4859 esce
546 4809 613 4860 daed
629 4820 712 4860 tancre
730 4813 845 4877 cernimus,
863 4812 930 4877 qaod
947 4810 1035 4863 Liuius
1053 4813 1083 4862 de
1101 4813 1200 4863 tumultu
1217 4813 1283 4863 illius
1301 4814 1360 4864 ormi
1374 4814 1435 4863 sitit
1449 4815 1586 4865 occursuras
1604 4809 1628 4862 et
1641 4810 1728 4872 suasus
1745 4821 1828 4860 namt
1844 4812 1895 4860 nias'
1909 4810 1955 4858 boc
1972 4809 2058 4873 ipssa,

346 4895 438 4944 emacim
457 4897 542 4945 omittit
556 4886 671 4961 pityonas,
689 4912 759 4960 quam
776 4899 837 4948 iuter
855 4909 976 4963 utrumque
992 4901 1068 4949 aeas
1083 4901 1225 4949 commiscum
1243 4917 1298 4949 sace
1315 4901 1369 4950 aeri
1384 4901 1460 4952 simile
1477 4912 1523 4951 eat.
1541 4899 1584 4960 (οἶ,
1607 4897 1777 4949 Weisseatom
1794 4898 1829 4945 ad
1845 4897 1904 4946 Lr'a.
1927 4894 1964 4943 VI
1979 4889 2005 4960 9,
2022 4890 2058 4954 5.)
