4500 5609
433 1427 436 1430 ,
643 1152 986 1399 6616661
1032 1274 1462 1393 6616616161

417 1489 968 1664 ANNALIVM
1044 1486 1682 1676 RELLIQVIAE

796 1745 933 1817 disposuit
949 1743 1087 1802 recensuit
1103 1742 1246 1813 praefatus
1263 1748 1307 1799 661

873 1887 1086 1965 dermannus
1111 1884 1226 1963 Peter.

755 2120 898 2191 Specimen
914 2135 1005 2178 nouae
1021 2120 1149 2177 editionis
1166 2119 1351 2188 relliquiarum

653 2238 726 2294 quae
742 2239 778 2281 ex
795 2224 940 2282 6611611166
956 2224 1136 2293 historiisque
1151 2223 1282 2280 Romanis
1300 2225 1456 2291 supersunt.

952 2418 1154 2434 ——b———o

188 2549 797 2675 DchlaudiQnadrigmi1)uita
822 2589 903 2655 nihil
923 2588 991 2656 fere
1011 2590 1052 2655 ab
1074 2589 1149 2656 aliis
1174 2590 1311 2656 relatum
1332 2593 1396 2670 est,
1429 2591 1497 2652 tota
1526 2589 1612 2655 enim
1639 2587 1775 2655 scientia
1801 2596 1912 2656 666116

191 2693 302 2760 nititur
321 2711 386 2759 uno
408 2689 542 2774 Velleio,
565 2689 654 2756 cuius
674 2689 756 2757 haec
778 2697 853 2757 sunt
877 2692 977 2758 uerba
997 2688 1044 2779 (ll
1064 2689 1114 2776 9):
1155 2689 1338 2764 „Vetustior
1359 2688 1498 2756 Sisenna
1518 2690 1578 2757 1611
1599 2690 1738 2776 Caelius,
1765 2693 1911 2776 aequalis

159 2785 348 2863 'Sisennae
373 2792 510 2859 Rutilius
539 2791 754 2877 Claudiusque
780 2792 1011 2878 Quadrigarius
1038 2799 1070 2859 ct
1096 2791 1244 2859 Valerius
1270 2792 1416 2861 Antias“.
1448 2793 1538 2876 atqui
1569 2793 1604 2859 id
1625 2793 1754 2878 quidem
1785 2801 1912 2861 6666161

191 2897 362 2965 Sisennam
382 2902 562 2982 praetorem
583 2894 684 2962 fuisse
705 2916 790 2962 anno
814 2895 935 2981 lescle
957 2904 990 2964 et
1010 2903 1168 2963 mortuum
1188 2914 1263 2962 esse
1283 2915 1314 2961 a
1336 2893 1499 2981 68l686¹);
1527 2916 1632 2980 neque
1653 2904 1761 2963 tamen
1781 2897 1913 2963 nimiam

190 3001 257 3068 nim
278 2999 383 3066 Vellei
402 2999 510 3065 uerbis
531 2998 669 3065 11116616
690 2997 853 3083 debemus,
887 3018 958 3064 cum
980 3006 1013 3065 et
1033 3005 1101 3065 tota
1122 2998 1191 3064 eius
1213 2997 1387 3063 auctoritas
1415 3005 1544 3084 propter
1575 3019 1732 3065 summam
1752 3021 1817 3085 qua
1838 3020 1911 3066 con·

191 3101 321 3189 scripsit
339 3102 482 3168 libellum
502 3101 667 3167 leuitatem
687 3121 848 3187 perperna
869 3104 919 3187 sit,
947 3109 980 3169 et
1000 3103 1056 3169 illo
1076 3102 1149 3167 loco
1171 3101 1316 3186 aequalis
1337 3100 1500 3167 notionem
1520 3101 1608 3167 haud
1630 3102 1677 3169 ita
1698 3103 1775 3169 artis
1797 3102 1912 3170 tinibus

191 3204 395 3289 continuerit3
426 3225 503 3274 nam
523 3205 579 3289 qni
599 3205 746 3289 aequalis
768 3204 926 3272 Sisennae
947 3206 1062 3272 dicitur
1082 3204 1219 3271 Rutilius
1241 3210 1370 3289 praetor
1389 3202 1450 3270 fuit
1469 3224 1500 3272 a.
1524 3207 1661 3289 1117643
1684 3203 1762 3290 (uid
1784 3205 1912 3273 Krause

190 3330 223 3395 p.
246 3305 335 3394 227),
365 3306 471 3374 idest
496 3307 627 3393 triginta
654 3308 754 3375 tribus
781 3308 875 3375 annis
903 3315 979 3375 ante
1007 3308 1187 3375 Sisennam
1230 3305 1339 3388 itaque
1372 3306 1582 3373 certissimum
1610 3307 1825 3374 testimoninm
1853 3315 1912 3393 est,

192 3411 279 3496 quod
300 3431 341 3477 ex
356 3411 459 3497 ipsius
481 3410 635 3494 relliquiis
650 3410 824 3496 petendum
838 3418 901 3478 est:
924 3431 997 3478 cum
1010 3410 1096 3477 enim
1110 3430 1152 3476 ex
1166 3408 1271 3476 661116
1286 3406 1337 3494 (fr.
1353 3411 1404 3478 81.
1421 3409 1477 3494 82)
1493 3429 1565 3476 eum
1580 3411 1659 3477 libro
1673 3409 1912 3494 undeuicesimo

191 3533 244 3580 res
265 3534 296 3581 a.
318 3515 435 3582 811661
457 3514 511 3580 661
533 3513 650 3599 861668
672 3521 782 3598 gestas
811 3514 1002 3599 conplexum
1023 3533 1097 3581 esse
1118 3512 1282 3598 adpareat,
1315 3512 1487 3579 uicesimus
1509 3518 1616 3578 autem
1638 3514 1749 3579 tertius
1770 3513 1912 3580 1116161

192 3616 306 3683 eodem
327 3617 449 3702 citetur,
470 3616 635 3683 minimum
650 3616 761 3683 Sullae
775 3615 965 3683 dictaturam
979 3615 1148 3683 Claudium
1160 3616 1284 3684 uidisse
1305 3616 1487 3701 conligitur;
1510 3623 1597 3683 66116
1617 3637 1782 3683 numerum
1804 3637 1912 3684 eornm

193 3719 249 3803 qui
270 3739 300 3787 a.
323 3720 440 3803 811611
462 3718 503 3786 de
524 3719 666 3786 exercitu
680 3720 824 3785 Mariano
845 3720 889 3786 ad
910 3720 1127 3806 Sacriportum
1148 3718 1237 3785 caesi
1257 3726 1358 3802 erant,
1379 3718 1551 3785 memoriae
1571 3718 1757 3805 prodiderat
1777 3717 1829 3805 (fr.
1844 3718 1911 3804 84),

194 3820 253 3888 sed
275 3841 348 3887 cum
367 3821 521 3888 incertum
543 3823 587 3889 sit
606 3822 641 3888 16
662 3842 725 3905 quo
747 3823 836 3909 libro,
857 3824 939 3890 nihil
959 3822 1034 3889 inde
1056 3821 1172 3888 certius
1196 3820 1346 3904 sequitur.

278 3924 348 3989 lam
374 3923 472 3989 etiam
492 3925 610 3992 Fronto
637 3923 686 4011 (in
708 3945 758 4012 ep.
780 3925 824 3992 sd
838 3926 911 3994 Ver.
926 3928 942 3993 I
959 3931 977 3994 1
992 3947 1025 4013 p.
1044 3928 1106 3994 114
1128 3922 1259 4010 Naber.)
1282 3923 1395 3990 eodem
1414 3923 1482 3990 1616
1503 3923 1615 3990 ordine
1636 3923 1806 4009 scriptores
1828 3922 1912 4004 16161

194 4045 232 4093 66
253 4026 450 4112 excipientes
470 4024 556 4110 iacit,
578 4047 641 4112 qun
664 4027 822 4096 Velleius:
850 4029 1044 4104 „Historiam
1065 4046 1192 4112 quoque
1213 4026 1370 4093 scribserc
1383 4026 1546 4093 -Pictor
1566 4024 1736 4108 incondite,
1759 4023 1911 4093 Claudius

193 4127 311 4214 lepide,
343 4128 458 4195 Antias
479 4127 657 4215 inuenuste,
690 4131 849 4199 Seisenna
870 4132 1077 4216 longinquc“;
1111 4150 1208 4213 quam
1228 4130 1268 4195 ob
1296 4149 1427 4197 causam
1449 4136 1624 4215 temporum
1643 4127 1800 4193 rationem
1824 4128 1915 4195 illum

194 4236 338 4297 secutum
360 4250 434 4298 esse
454 4230 524 4296 ueri
544 4238 594 4298 est
615 4233 728 4314 simile,
751 4234 981 4319 Claudiumque
1003 4233 1173 4319 scripsisse
1193 4236 1269 4297 ante
1284 4229 1461 4316 Sisennam,
1482 4231 1517 4298 id
1538 4237 1589 4298 est
1607 4229 1701 4296 annis
1715 4229 1782 4296 1616
1796 4231 1914 4311 801614

194 4332 361 4416 usquead
384 4333 509 4417 70J684.
1158 4321 1165 4340 ’

235 4500 242 4516 ,
279 4433 394 4519 Neque
420 4436 514 4522 plura
540 4436 582 4503 de
609 4437 678 4505 eius
710 4460 829 4525 genere
861 4440 987 4507 adferre
1020 4438 1204 4525 poterimus,
1239 4458 1315 4503 nam
1346 4459 1465 4505 uanum
1496 4444 1547 4503 est
1577 4436 1735 4523 suspicari
1763 4434 1914 4514 Quintum

145 4667 148 4674 ,
287 4599 307 4674 ι)
323 4607 366 4662 De
390 4606 545 4663 uominions
569 4607 638 4663 satis
660 4614 777 4680 6666161,
809 4624 871 4666 cum
897 4610 989 4667 omnia
1012 4606 1188 4677 conpluribus
1210 4606 1277 4662 locis
1300 4607 1403 4664 tradita
1425 4607 1488 4678 sint,
1522 4622 1613 4677 neque
1642 4611 1736 4661 16666
1765 4617 1821 4659 uno
1851 4617 1914 4660 aon-

195 4680 308 4746 speetu:
331 4676 413 4733 modo
426 4677 497 4732 enim
503 4676 623 4744 Quintus
631 4678 764 4736 Claudius
777 4681 940 4750 appellatur,
954 4679 1035 4737 modo
1043 4678 1176 4736 claudius
1185 4676 1391 4748 Quadrigarius,
1410 4678 1490 4764 modo
1498 4677 1632 4735 Claudius
1642 4680 1692 4731 aut
1705 4673 1913 4746 Quadrigarius,

107 4749 110 4753 ’
196 4761 250 4802 uno
268 4746 329 4802 loco
346 4746 378 4811 Q.
396 4746 602 4815 Quadrigarius.

284 4816 306 4881 ¹)
324 4815 388 4871 Vid.
405 4815 487 4871 Roth.
504 4816 541 4872 de
557 4818 588 4872 1.
607 4815 726 4874 Cornelii
745 4816 877 4873 Sisennae
894 4818 953 4874 uita
968 4834 995 4888 p.
1014 4815 1117 4875 1619.
1150 4815 1228 4881 Quae
1245 4815 1352 4872 1116666
1370 4814 1429 4884 (uit.
1447 4817 1476 4869 et
1492 4812 1588 4882 fragm.
1609 4818 1665 4868 net
1678 4811 1743 4867 hist
1755 4811 1868 4868 Romam
1885 4826 1913 4881 p.

196 4882 258 4953 166)
275 4884 311 4940 de
326 4890 458 4954 praetura
476 4884 612 4943 Siciliensi
630 4886 726 4944 Valeri
742 4887 865 4943 66116116
890 4888 988 4959 adfert,
1012 4902 1047 4944 es
1069 4885 1139 4941 licta
1156 4890 1185 4941 et
1201 4886 1380 4942 commenticia
1397 4899 1468 4956 esse,
1492 4889 1568 4939 recte
1584 4883 1638 4937 iam
1655 4880 1783 4938 Liebaldt
1799 4881 1835 4937 de
1851 4880 1914 4938 Vel.

195 4954 263 5010 Ant.
280 4969 308 5023 p.
325 4957 343 5010 8
360 4955 563 5011 animaduertit.
1715 5041 1732 5105 1
