4500 5609
1141 424 1162 490 6

1049 512 1251 522 '—

697 619 861 688 XXXXII
883 643 910 693 c.
934 625 1027 692 1-4.
1049 625 1079 690 6.
1105 626 1155 690 11.
1179 624 1315 692 18-28.
1336 626 1475 693 eit-36.

696 723 871 790 XXXXIII
892 746 920 795 e.
945 728 1058 798 1-17.

698 826 890 903 XXXXHII
912 850 940 895 c.
963 830 1090 896 12-22
1112 825 1231 911 (pauca
1251 827 1286 893 in
1307 847 1377 912 cap.
1401 831 1451 899 13.
1472 828 1541 915 st).

696 929 851 1023 XXXXV
876 933 967 1000 1-4.
991 932 1128 998 12-18.
1149 931 1287 998 20-25.
1309 933 1447 999 35-44

378 1028 525 1112 Denique
545 1049 588 1095 ne
608 1029 642 1096 in
664 1032 710 1098 eis
733 1032 861 1116 quidam
880 1035 936 1117 qui
953 1034 1115 1119 perierunt
1140 1034 1229 1100 libris
1249 1033 1374 1099 Liuium
1392 1033 1561 1100 Claudium
1580 1033 1699 1102 fontem
1728 1037 1912 1121 neglexisse
1932 1037 2009 1106 inde

292 1130 436 1216 adparet,
471 1131 555 1215 quod
583 1130 725 1216 Orosius,
757 1135 829 1201 Lini
849 1135 990 1219 adsecla,
1013 1145 1155 1203 tersum
1176 1136 1287 1203 laudat
1314 1135 1365 1219 (11.
1387 1138 1439 1205 68.
1461 1139 1513 1204 69.
1536 1135 1603 1223 84).
1634 1139 1729 1224 plura
1749 1139 1791 1206 de
1812 1139 1874 1205 hac
1894 1159 2009 1225 repro

293 1241 379 1301 certo
400 1234 568 1301 adfirmare
587 1234 738 1302 hariolari
760 1245 818 1303 est
825 1237 851 1321 ¹)
1780 1315 1783 1320 .

378 1338 462 1404 Num
481 1337 699 1423 Dionysius
721 1338 889 1405 Claudium
909 1340 1041 1423 nouerit,
1077 1347 1170 1406 caute
1197 1340 1321 1408 dubitat
1341 1341 1381 1409 A.
1402 1341 1570 1426 Kiessling
1598 1339 1653 1427 (de
1674 1341 1809 1427 Dionys.
1829 1341 1903 1410 Hal.
1926 1350 2009 1412 auct

291 1461 325 1526 p.
349 1437 413 1526 18),
434 1441 584 1525 quoniam
605 1461 645 1506 ea
665 1463 742 1526 pars
763 1444 986 1526 antiquitatum
1006 1445 1221 1510 Romanarum
1242 1463 1326 1527 quae
1347 1451 1476 1511 seruata
1497 1452 1548 1511 est
1567 1445 1640 1529 plus
1662 1445 1895 1529 quinquaginta
1915 1445 2009 1512 annis

292 1542 420 1610 desinat
439 1551 515 1610 ante
535 1544 660 1610 cladem
681 1545 848 1629 Gallicam,
887 1566 957 1613 oum
979 1567 1043 1630 qua
1064 1547 1232 1612 Claudium
1253 1546 1378 1612 initium
1404 1546 1480 1613 fecit
1504 1546 1675 1615 scribendi.
1718 1547 1880 1614 Concedet
1899 1555 2009 1614 tamen

292 1667 377 1713 nunc
397 1647 510 1732 opinor
529 1646 746 1731 Kiesslingius
768 1647 899 1723 amicus,
926 1670 991 1716 non
1012 1649 1155 1732 ignotum
1176 1649 1276 1715 luisse
1296 1649 1452 1733 Dionysio
1474 1648 1651 1732 Claudium,
1683 1658 1853 1734 postquam
1874 1652 1908 1717 in
1928 1651 2008 1717 libro

292 1769 364 1816 meo
386 1750 427 1815 de
447 1748 586 1815 fontibus
608 1750 770 1815 Plutarchi
791 1751 909 1835 scripto
942 1748 1150 1836 (1.17-28)
1183 1752 1281 1817 firmis
1309 1751 1504 1836 argumentis
1531 1750 1666 1833 ostendi,
1698 1757 1731 1816 et
1750 1751 1955 1819 Plutarchum
1975 1754 2010 1819 in

298 1851 424 1918 Camilli
444 1851 512 1916 uita
531 1852 722 1937 Dionysium
751 1852 960 1937 descripsisse
981 1861 1014 1919 et
1035 1854 1257 1937 cognationem
1285 1853 1446 1936 quandam
1477 1853 1674 1920 intercedere
1702 1853 1785 1920 inter
1805 1855 2010 1923 Plutarchum

292 1954 489 2037 Liuiumque,
522 1973 615 2036 quem
642 1954 675 2019 in
703 1954 795 2021 clade
817 1952 946 2021 Gallica
972 1955 1151 2022 enarranda
1171 1957 1205 2022 in
1231 1956 1341 2041 primis
1363 1955 1498 2021 Claudio
1522 1976 1616 2021 usum
1643 1976 1717 2023 esse
1744 1963 1879 2026 constat
1910 1964 2008 2041 atque

293 2076 390 2122 unum
410 2056 610 2141 potissimum
632 2057 737 2123 locum
751 2058 791 2123 ab
808 2077 846 2124 eo
861 2059 978 2143 respici
998 2060 1103 2142 uelim,
1125 2079 1317 2142 quamquam
1337 2058 1382 2123 ihi
1403 2058 1578 2123 intricatior
1599 2063 1650 2123 est
1669 2077 1732 2124 res.
1754 2061 1900 2126 nouimus
1923 2060 2009 2125 enim

293 2178 334 2225 ex
355 2158 446 2224 Liuio
467 2156 527 2244 (VI
540 2161 592 2242 42,
609 2164 627 2221 2
644 2161 738 2244 sqq),
761 2179 802 2226 cx
823 2160 938 2227 Claudi
958 2162 1120 2244 memoria,
1142 2160 1400 2244 quampluribus
1422 2159 1661 2226 auctoritatibus
1682 2160 1781 2226 fretus
1803 2162 1858 2227 ille
1880 2161 2009 2245 quidem

292 2262 422 2346 spreuit,
445 2281 530 2326 anno
552 2259 689 2345 3671387
711 2261 756 2330 M.
778 2263 874 2329 Furio
896 2264 1031 2330 Camillo
1053 2264 1196 2347 quintum
1218 2261 1372 2327 dictatore
1400 2270 1577 2347 pugnatum
1603 2281 1677 2329 csse
1708 2283 1780 2328 cum
1800 2263 1904 2329 Gallis
1924 2263 2009 2330 ciros

291 2364 448 2430 Anienem
468 2363 594 2431 flumen.
626 2364 711 2429 idem
731 2384 807 2430 uero
834 2365 930 2430 etiarn
952 2365 1142 2431 Plutarchus
1168 2364 1297 2448 rettulit,
1330 2364 1384 2447 qui
1410 2371 1579 2449 postquam
1601 2365 1691 2449 leges
1713 2365 1853 2431 Licinias
1875 2365 2004 2432 Sextias

292 2466 433 2550 perlatas
462 2485 535 2531 esso
561 2465 712 2548 narrauit,
743 2467 855 2533 nuntio
887 2469 1077 2534 incursionis
1103 2468 1249 2533 Gallicae
1281 2464 1419 2549 adlato2)
1450 2465 1618 2531 Camillum
1647 2467 1791 2551 quintum
1823 2467 2009 2536 dictatorem

293 2568 412 2633 dictum
433 2563 500 2652 περὶ
521 2559 578 2633 τὸν
596 2562 737 2633 Ἀνίωνα
760 2566 907 2656 ποταμόν
940 2569 1068 2657 (11111
1088 2571 1245 2635 Anienem
1265 2567 1393 2635 1111111ι
1413 2567 1507 2651 Lim),
1540 2587 1611 2633 cum
1632 2569 1749 2635 milites
1776 2588 1861 2634 noua
1885 2570 2009 2635 ratione

291 2669 458 2755 pugnandi
477 2670 517 2735 ab
541 2690 579 2736 eo
601 2671 799 2755 praescripta
819 2679 988 2756 uterentur,
1011 2675 1122 2740 Gallos
1143 2671 1266 2737 fudisse
1286 2670 1329 2755 (1.
1351 2672 1421 2753 41);
1443 2671 1480 2734 ἐν
1501 2673 1547 2753 τῷ
1567 2669 1704 2735 κατόπιν
1726 2672 1865 2754 ἐνιαυτῷ
1887 2672 1930 2754 (1.
1951 2668 2008 2756 43)

293 2793 364 2838 curn
385 2772 487 2856 pestis
508 2775 617 2839 urbem
632 2775 766 2840 Romam
779 2775 962 2860 inuasisset,
984 2776 1152 2842 Camillum
1167 2794 1240 2840 esse
1260 2780 1426 2839 mortuum.
1448 2792 1542 2855 quern
1564 2772 1716 2840 orationis
1737 2778 1879 2839 tenorem
1893 2774 1922 2838 si
1937 2793 2009 2839 eon·

294 2875 486 2941 sideraueris
509 2883 542 2942 et
562 2877 731 2942 Camillum
753 2898 782 2943 1.
804 2878 943 2957 abacos
976 2887 1131 2944 mortuum
1159 2896 1232 2942 esse
1255 2883 1403 2942 constare
1428 2874 1618 2957 memineris,
1651 2894 1715 2939 non
1736 2874 1905 2958 dubitabis,
1933 2877 2010 2959 quin

294 2984 350 3042 aut
370 2978 560 3044 Plutarchus
582 2986 638 3044 aut
659 2980 714 3063 qui
735 3000 808 3045 eum
829 2981 1028 3065 descripsere
1050 2979 1229 3063 corrigendi
1251 2978 1323 3061 sint,
1353 2999 1425 3044 eum
1452 2978 1541 3042 illam
1566 2997 1708 3061 pugnam
1740 2970 1850 3052 ,ἴνεσιν
1875 2974 2009 3063 ὕπερον

294 3079 555 3163 τρισκαίδεκα
569 3081 729 3167 γενέσθαι
738 3124 782 3134 -
792 3086 847 3164 τῆς
865 3078 987 3168 Ῥώμης
1003 3076 1173 3157 didosoe‘:
1190 3083 1308 3149 dicant.
1330 3100 1405 3145 nam
1426 3099 1461 3144 18
1476 3099 1553 3144 uera
1574 3072 1684 3163 ,dracas
1698 3073 1832 3164 ὕστερον
1854 3077 1931 3165 τρισὶ
1952 3077 2010 3146 καὶ

293 3176 390 3247 clicone
424 3179 490 3268 (ιη’
512 3203 570 3267 pro
592 3177 649 3270 ιγ’)
681 3184 739 3248 1111
765 3206 876 3270 pugna
895 3192 969 3270 post
1000 3187 1110 3251 urbem
1143 3193 1268 3269 captam
1302 3183 1472 3249 commissa
1493 3188 1552 3247 est.
1585 3182 1632 3247 ita
1653 3180 1779 3246 demum
1801 3184 1901 3250 oratio
1923 3183 2010 3269 apud

292 3284 497 3350 Plutarchum
519 3292 605 3351 recte
625 3286 779 3370 procedit.
823 3288 873 3353 De
895 3288 1009 3354 eadem
1030 3308 1106 3354 uero
1130 3286 1332 3371 expeditione
1354 3287 1450 3352 etiam
1471 3285 1533 3350 tria
1553 3284 1733 3367 fragmenta
1758 3285 1914 3370 ampliora
1934 3285 2009 3350 Dio

291 3387 365 3469 nysi
391 3394 529 3453 aetatem
557 3389 695 3453 tulerunt
725 3387 1238 3474 (ΧΠΙΙ12.13-16.17-19),
1272 3409 1403 3472 quorum
1434 3388 1536 3473 primo
1565 3393 1720 3469 narratur,
1754 3387 1865 3454 Gallos
1898 3407 2010 3470 agrum

292 3490 451 3554 Albanum
474 3489 684 3575 depopulatos
706 3491 831 3557 luxuria
853 3492 1009 3559 emollitos
1025 3500 1057 3558 et
1071 3498 1239 3557 eneruatos
1255 3510 1338 3568 esse,
1359 3493 1458 3557 altero
1474 3490 1578 3557 contio
1593 3488 1729 3568 Camilli,
1751 3510 1814 3573 qua
1829 3489 2010 3555 cohortatur
2104 3567 2108 3580 ι

293 3592 411 3658 milites
433 3591 476 3656 ad
497 3613 647 3678 pugnam,
675 3595 721 3659 ita
742 3608 848 3658 tamen
870 3601 1082 3678 utnusquam
1103 3594 1267 3661 Gallorum
1289 3611 1392 3657 mores
1414 3598 1552 3657 mutatos
1575 3612 1648 3657 esse
1670 3598 1890 3673 conmemoret,
1917 3590 2009 3656 tertio

291 3714 401 3779 pugna
419 3695 501 3780 ipsa,
535 3716 599 3778 qua
617 3696 753 3762 Romani
774 3697 824 3761 usi
844 3695 1075 3762 noua'Camilli
1096 3696 1219 3762 ratione
1240 3685 1405 3779 pugnandi
1427 3694 1606 3778 superiores
1628 3700 1711 3760 sunt.
1743 3693 1801 3757 sed
1823 3692 1899 3758 ordo
1921 3691 2006 3776 frag·

292 3785 478 3880 meritorum,
501 3798 555 3881 qui
576 3799 672 3882 uolgo
694 3806 841 3882 receptus
863 3805 921 3881 est,
943 3799 1144 3884 perturbatus
1166 3805 1261 3878 atque
1282 3798 1329 3861 ita
1349 3795 1519 3861 mutandus
1542 3805 1600 3878 est,
1621 3802 1657 3860 ut
1671 3794 1756 3877 quod
1769 3795 1856 3878 prius
1871 3794 2009 3880 primum

291 3897 358 3980 fuit,
381 3900 490 3965 ultimo
512 3900 582 3965 loco
605 3901 647 3966 sit
673 3901 856 3985 ponendum
891 3900 1000 3987 (XIIII
1024 3903 1159 3969 13-19.
1184 3898 1248 3984 12).
1282 3920 1357 3964 nam
1378 3919 1521 3983 pugnam
1549 3898 1647 3980 illam,
1680 3901 1755 3961 ante
1783 3917 1878 3980 quam
1905 3894 2010 3960 contio

291 4000 418 4067 Camilli
445 4009 495 4068 est
520 4001 639 4086 habita,
664 4001 698 4067 in
717 4024 781 4087 qua
800 4005 935 4070 Romani
955 4010 1183 4088 strategemate
1202 4003 1257 4067 illo
1279 4002 1441 4067 dictatoris
1462 4002 1615 4081 uicerunt,
1636 3998 1753 4064 nonin
1779 4018 1857 4083 agro
1872 3996 2007 4080 Albano,

163 4171 168 4182 ,
293 4103 378 4188 quod
399 4111 450 4169 est
469 4103 503 4168 in
524 4103 614 4170 titulo
636 4105 748 4173 horum
770 4107 909 4192 capitum
928 4109 962 4172 in
984 4107 1058 4176 edit
1074 4107 1227 4188 Tauchn,
1250 4104 1309 4170 sed
1330 4105 1373 4169 ad
1386 4104 1542 4168 Anienem
1564 4101 1756 4168 conmissum
1778 4118 1852 4166 esse
1874 4096 2005 4164 docetur

293 4226 450 4274 consensu
473 4213 504 4271 ct
524 4207 687 4273 Plutarchi
708 4205 749 4295 (c.
764 4212 804 4275 41
828 4230 912 4276 uers.
934 4212 1059 4277 20-31
1083 4208 1159 4276 edit.
1181 4207 1291 4275 maior.
1314 4203 1450 4291 Sintes.)
1473 4213 1506 4271 et
1519 4206 1664 4270 Zonarae
1686 4205 1813 4284 111124,
1835 4222 1868 4285 p.
1883 4204 1925 4268 90
1940 4199 2005 4287 (ed.

292 4308 418 4396 Bona),
451 4309 506 4393 qui
532 4330 617 4375 nunc
644 4310 782 4395 egregie·
799 4311 937 4377 concinit
968 4333 1040 4378 cum
1065 4311 1235 4376 Plutarcho
1257 4316 1290 4374 et
1310 4308 1482 4394 Dionysio:
1515 4303 1572 4373 καὶ
1594 4302 1642 4372 ἐπὶ
1662 4305 1758 4371 πλέον
1780 4294 1825 4367 ἂν
1847 4296 1889 4369 ἔνι
1910 4308 2005 4370 τοῦτο

295 4411 471 4497 (discordia
484 4411 637 4477 intestina
651 4412 786 4498 Romae)
808 4414 945 4499 ἐγένετο,
966 4416 994 4479 εἰ
1006 4410 1050 4500 μή
1066 4437 1109 4488 τις
1124 4409 1267 4500 ἀγγελία
1288 4407 1456 4498 κεκόμιστο
1472 4407 1520 4476 ἐπὶ
1534 4410 1591 4491 νην
1601 4404 1729 4494 Ῥώμην
1743 4397 1843 4482 αὖθις
1857 4402 2007 4472 ἐλαύνειν

386 4564 404 4632 ¹)
422 4565 462 4620 Vt
483 4564 518 4619 ll.
536 4564 682 4618 Hoffmann
708 4565 761 4634 „de
785 4565 904 4622 Viriathi
927 4566 1210 4631 Numantinorumquc
1232 4564 1322 4620 bello“
1349 4580 1375 4632 p.
1398 4563 1416 4616 8
1439 4580 1492 4618 111
1516 4562 1634 4630 dubitat,
1661 4561 1726 4628 quin
1743 4560 1858 4616 eandem
1874 4558 2007 4641 rationem

293 4637 435 4691 auctorum
452 4633 726 4702 hanseribondornm,
750 4650 832 4703 quam
850 4653 867 4691 a
883 4636 929 4691 lib.
947 4634 1220 4697 XXXI-xxxxv,
1245 4635 1327 4689 etiam
1344 4637 1373 4689 in
1390 4634 1431 4687 eis
1448 4634 1524 4688 libris
1542 4633 1589 4700 qui
1613 4632 1649 4685 ad
1665 4630 1767 4685 bellum
1784 4631 1853 4685 illud
1869 4632 2007 4696 perorent

292 4704 388 4761 Liuius
406 4711 517 4759 secutus
534 4705 595 4773 ,hoc
612 4718 721 4772 quoque
737 4704 839 4760 ballum
857 4706 978 4775 inprimis
997 4722 1031 4760 ex
1049 4705 1161 4761 Valerio
1179 4704 1290 4759 Antiatc
1309 4709 1338 4759 ct
1354 4704 1469 4759 Claudio
1486 4703 1667 4769 Quadrigario
1685 4700 1854 4762 narrauerit‘‚
1872 4714 1927 4753 non
1944 4713 2006 4752 con·

293 4773 410 4832 soluerit
426 4773 524 4843 Polybi
541 4775 642 4830 ballum
660 4774 855 4831 Numantinum
874 4777 939 4845 (Cic.
957 4776 997 4831 ad
1011 4776 1075 4831 fam.
1094 4776 1118 4830 V
1140 4774 1192 4836 12).
1210 4775 1261 4829 sed
1278 4788 1349 4841 quae
1366 4773 1525 4828 adseruntur
1542 4787 1644 4827 causae
1660 4785 1771 4838 prorsas
1788 4770 1880 4824 nullae
1898 4773 1975 4854 sunt,

380 4848 403 4908 2)
422 4843 514 4897 (1402
544 4847 660 4913 ἀγγελίαι
684 4849 848 4914 προσέπεσον
873 4854 970 4917 σαφεῖς,
1001 4848 1115 4907 Κελτοὺς
1140 4836 1220 4906 aloa
1244 4846 1297 4897 cirris
1330 4844 1373 4912 της
1395 4846 1565 4915 Ἀδριατικῆς
1592 4843 1708 4915 ἄραντας
1731 4841 1871 4906 θαλάσσης
1895 4854 2007 4910 propretor

292 4920 401 4974 πολλαῖς
418 4915 461 4966 ἐπὶ
478 4915 523 4983 τὴν
534 4914 640 4983 Ῥώμην
658 4917 779 4969 ἐλαύνειν.
