<?xml version="1.0" encoding="UTF-8"?>
<!DOCTYPE html PUBLIC "-//W3C//DTD XHTML 1.0 Transitional//EN"
    "http://www.w3.org/TR/xhtml1/DTD/xhtml1-transitional.dtd">
<html xmlns="http://www.w3.org/1999/xhtml" xml:lang="en" lang="en">
 <head>
  <title>
</title>
<meta http-equiv="Content-Type" content="text/html;charset=utf-8" />
  <meta name='ocr-system' content='tesseract 3.04.00' />
  <meta name='ocr-capabilities' content='ocr_page ocr_carea ocr_par ocr_line ocrx_word'/>
</head>
<body>
  <div class='ocr_page' id='page_1' title='image "annaliumrelliqu00petegoog_0014.png"; bbox 0 0 4500 5609; ppageno 0'>
   <div class='ocr_carea' id='block_1_1' title="bbox 1154 493 1174 559">
    <p class='ocr_par' dir='ltr' id='par_1_1' title="bbox 1154 493 1174 559">
     <span class='ocr_line' id='line_1_1' title="bbox 1154 493 1174 559; baseline 0 0"><span class='ocrx_word' id='word_1_1' title='bbox 1154 493 1174 559; x_wconf 87' lang='grc'>8</span> 
     </span>
    </p>
   </div>
   <div class='ocr_carea' id='block_1_2' title="bbox 294 677 2015 4769">
    <p class='ocr_par' dir='ltr' id='par_1_2' title="bbox 294 677 2015 2412">
     <span class='ocr_line' id='line_1_2' title="bbox 298 677 2014 775; baseline -0.003 -15"><span class='ocrx_word' id='word_1_2' title='bbox 298 692 371 761; x_wconf 88' lang='lat' dir='ltr'><strong>silio</strong></span> <span class='ocrx_word' id='word_1_3' title='bbox 392 713 413 758; x_wconf 89' lang='lat' dir='ltr'><strong>a</strong></span> <span class='ocrx_word' id='word_1_4' title='bbox 433 691 524 759; x_wconf 89' lang='lat' dir='ltr'><strong>Liuio</strong></span> <span class='ocrx_word' id='word_1_5' title='bbox 545 690 673 758; x_wconf 88' lang='lat' dir='ltr'><strong>adiecta</strong></span> <span class='ocrx_word' id='word_1_6' title='bbox 693 709 798 773; x_wconf 91' lang='lat' dir='ltr'><strong>neque</strong></span> <span class='ocrx_word' id='word_1_7' title='bbox 826 689 999 775; x_wconf 81' lang='lat' dir='ltr'><strong>quidquam</strong></span> <span class='ocrx_word' id='word_1_8' title='bbox 1017 677 1067 756; x_wconf 74' lang='lat' dir='ltr'><strong>&#39;eis</strong></span> <span class='ocrx_word' id='word_1_9' title='bbox 1087 688 1207 755; x_wconf 90' lang='lat' dir='ltr'><strong>dictum</strong></span> <span class='ocrx_word' id='word_1_10' title='bbox 1235 708 1317 770; x_wconf 87' lang='lat' dir='ltr'><strong>esse,</strong></span> <span class='ocrx_word' id='word_1_11' title='bbox 1346 688 1409 754; x_wconf 90' lang='lat' dir='ltr'><strong>nisi</strong></span> <span class='ocrx_word' id='word_1_12' title='bbox 1436 687 1487 753; x_wconf 90' lang='lat' dir='ltr'><strong>his</strong></span> <span class='ocrx_word' id='word_1_13' title='bbox 1517 687 1597 754; x_wconf 87' lang='lat' dir='ltr'><strong>locIs</strong></span> <span class='ocrx_word' id='word_1_14' title='bbox 1618 687 1795 771; x_wconf 87' lang='lat' dir='ltr'><strong>Claudium,</strong></span> <span class='ocrx_word' id='word_1_15' title='bbox 1828 688 2014 773; x_wconf 77' lang='lat' dir='ltr'>scriptorem</span> 
     </span>
     <span class='ocr_line' id='line_1_3' title="bbox 296 790 2014 877; baseline -0.003 -15"><span class='ocrx_word' id='word_1_16' title='bbox 296 794 363 862; x_wconf 88' lang='lat' dir='ltr'><strong>iam</strong></span> <span class='ocrx_word' id='word_1_17' title='bbox 384 801 480 860; x_wconf 90' lang='lat' dir='ltr'><strong>antea</strong></span> <span class='ocrx_word' id='word_1_18' title='bbox 500 793 685 877; x_wconf 90' lang='lat' dir='ltr'><strong>adhibitum,</strong></span> <span class='ocrx_word' id='word_1_19' title='bbox 711 793 859 860; x_wconf 89' lang='lat' dir='ltr'><strong>librorum</strong></span> <span class='ocrx_word' id='word_1_20' title='bbox 882 793 1097 859; x_wconf 88' lang='lat' dir='ltr'><strong>Acilianorum</strong></span> <span class='ocrx_word' id='word_1_21' title='bbox 1121 792 1342 858; x_wconf 87' lang='lat' dir='ltr'><strong>auctoritatem</strong></span> <span class='ocrx_word' id='word_1_22' title='bbox 1369 798 1513 857; x_wconf 88' lang='lat' dir='ltr'><strong>secutum</strong></span> <span class='ocrx_word' id='word_1_23' title='bbox 1539 809 1623 861; x_wconf 88' lang='lat' dir='ltr'><strong>esse.</strong></span> <span class='ocrx_word' id='word_1_24' title='bbox 1656 791 1708 857; x_wconf 92' lang='lat' dir='ltr'><strong>cui</strong></span> <span class='ocrx_word' id='word_1_25' title='bbox 1733 790 1862 875; x_wconf 86' lang='lat' dir='ltr'><strong>quidem</strong></span> <span class='ocrx_word' id='word_1_26' title='bbox 1882 790 1938 856; x_wconf 84' lang='lat' dir='ltr'><strong>uix</strong></span> <span class='ocrx_word' id='word_1_27' title='bbox 1958 790 2014 856; x_wconf 88' lang='lat' dir='ltr'><strong>ad·</strong></span> 
     </span>
     <span class='ocr_line' id='line_1_4' title="bbox 297 893 2014 981; baseline -0.003 -17"><span class='ocrx_word' id='word_1_28' title='bbox 297 916 452 981; x_wconf 79' lang='lat' dir='ltr'><strong>narraret,</strong></span> <span class='ocrx_word' id='word_1_29' title='bbox 474 897 504 963; x_wconf 90' lang='lat' dir='ltr'><strong>si</strong></span> <span class='ocrx_word' id='word_1_30' title='bbox 524 898 606 963; x_wconf 91' lang='lat' dir='ltr'><strong>alter</strong></span> <span class='ocrx_word' id='word_1_31' title='bbox 625 897 715 963; x_wconf 90' lang='lat' dir='ltr'><strong>locus</strong></span> <span class='ocrx_word' id='word_1_32' title='bbox 737 896 824 962; x_wconf 87' lang='lat' dir='ltr'><strong>solus</strong></span> <span class='ocrx_word' id='word_1_33' title='bbox 847 902 1051 962; x_wconf 84' lang='lat' dir='ltr'><strong>exstaret-</strong></span> <span class='ocrx_word' id='word_1_34' title='bbox 1073 914 1265 978; x_wconf 88' lang='lat' dir='ltr'><strong>quamquam</strong></span> <span class='ocrx_word' id='word_1_35' title='bbox 1286 894 1383 960; x_wconf 83' lang='lat' dir='ltr'><strong>etiam</strong></span> <span class='ocrx_word' id='word_1_36' title='bbox 1404 900 1479 977; x_wconf 89' lang='lat' dir='ltr'><strong>tum,</strong></span> <span class='ocrx_word' id='word_1_37' title='bbox 1508 893 1563 977; x_wconf 92' lang='lat' dir='ltr'><strong>qui</strong></span> <span class='ocrx_word' id='word_1_38' title='bbox 1583 893 1643 960; x_wconf 83' lang='lat' dir='ltr'><strong>fuit</strong></span> <span class='ocrx_word' id='word_1_39' title='bbox 1663 893 1851 978; x_wconf 88' lang='lat' dir='ltr'><strong>scriptomm</strong></span> <span class='ocrx_word' id='word_1_40' title='bbox 1871 899 2014 959; x_wconf 87' lang='lat' dir='ltr'><strong>ueterum</strong></span> 
     </span>
     <span class='ocr_line' id='line_1_5' title="bbox 297 993 2015 1085; baseline -0.004 -18"><span class='ocrx_word' id='word_1_41' title='bbox 297 1000 417 1067; x_wconf 87' lang='lat' dir='ltr'><strong>citandi</strong></span> <span class='ocrx_word' id='word_1_42' title='bbox 436 1020 515 1084; x_wconf 91' lang='lat' dir='ltr'><strong>mos,</strong></span> <span class='ocrx_word' id='word_1_43' title='bbox 522 998 547 1085; x_wconf 87' lang='lat'><strong>¹)</strong></span> <span class='ocrx_word' id='word_1_44' title='bbox 572 998 697 1065; x_wconf 91' lang='lat' dir='ltr'><strong>Liuium</strong></span> <span class='ocrx_word' id='word_1_45' title='bbox 718 997 908 1083; x_wconf 90' lang='lat' dir='ltr'><strong>scripturum</strong></span> <span class='ocrx_word' id='word_1_46' title='bbox 927 997 1029 1065; x_wconf 86' lang='lat' dir='ltr'><strong>luisse</strong></span> <span class='ocrx_word' id='word_1_47' title='bbox 1053 997 1311 1064; x_wconf 85' lang='lat' dir='ltr'><strong>existumauerim</strong></span> <span class='ocrx_word' id='word_1_48' title='bbox 1343 996 1486 1080; x_wconf 89' lang='lat' dir='ltr'><strong>,Acilius,</strong></span> <span class='ocrx_word' id='word_1_49' title='bbox 1513 1016 1608 1080; x_wconf 89' lang='lat' dir='ltr'><strong>quem</strong></span> <span class='ocrx_word' id='word_1_50' title='bbox 1627 993 1782 1061; x_wconf 89' lang='lat' dir='ltr'><strong>Claudius</strong></span> <span class='ocrx_word' id='word_1_51' title='bbox 1804 1000 1855 1060; x_wconf 89' lang='lat' dir='ltr'><strong>est</strong></span> <span class='ocrx_word' id='word_1_52' title='bbox 1875 993 2015 1061; x_wconf 86' lang='lat' dir='ltr'><strong>secutus‘</strong></span> 
     </span>
     <span class='ocr_line' id='line_1_6' title="bbox 296 1095 2013 1187; baseline -0.002 -19"><span class='ocrx_word' id='word_1_53' title='bbox 296 1103 350 1169; x_wconf 89' lang='lat' dir='ltr'><strong>uel</strong></span> <span class='ocrx_word' id='word_1_54' title='bbox 370 1102 503 1187; x_wconf 90' lang='lat' dir='ltr'><strong>,Acilius</strong></span> <span class='ocrx_word' id='word_1_55' title='bbox 525 1107 559 1168; x_wconf 92' lang='grc' dir='ltr'><strong>ιι</strong></span> <span class='ocrx_word' id='word_1_56' title='bbox 579 1100 741 1167; x_wconf 88' lang='lat' dir='ltr'><strong>Claudius‘</strong></span> <span class='ocrx_word' id='word_1_57' title='bbox 763 1138 805 1151; x_wconf 93' lang='lat'><em>-</em></span> <span class='ocrx_word' id='word_1_58' title='bbox 827 1100 886 1167; x_wconf 91' lang='lat' dir='ltr'><strong>sed</strong></span> <span class='ocrx_word' id='word_1_59' title='bbox 907 1109 1036 1187; x_wconf 86' lang='lat' dir='ltr'><strong>propter</strong></span> <span class='ocrx_word' id='word_1_60' title='bbox 1061 1100 1199 1184; x_wconf 81' lang='lat' dir='ltr'><strong>priorem</strong></span> <span class='ocrx_word' id='word_1_61' title='bbox 1219 1099 1323 1165; x_wconf 91' lang='lat' dir='ltr'><strong>locum</strong></span> <span class='ocrx_word' id='word_1_62' title='bbox 1344 1098 1415 1165; x_wconf 86' lang='lat' dir='ltr'><strong>fieri</strong></span> <span class='ocrx_word' id='word_1_63' title='bbox 1434 1119 1498 1165; x_wconf 92' lang='lat' dir='ltr'><strong>non</strong></span> <span class='ocrx_word' id='word_1_64' title='bbox 1519 1105 1634 1183; x_wconf 88' lang='lat' dir='ltr'><strong>potest,</strong></span> <span class='ocrx_word' id='word_1_65' title='bbox 1662 1099 1737 1182; x_wconf 92' lang='lat' dir='ltr'><strong>quin</strong></span> <span class='ocrx_word' id='word_1_66' title='bbox 1759 1098 1840 1163; x_wconf 89' lang='lat' dir='ltr'><strong>duos</strong></span> <span class='ocrx_word' id='word_1_67' title='bbox 1862 1095 2013 1164; x_wconf 88' lang='lat' dir='ltr'><strong>Claudios</strong></span> 
     </span>
     <span class='ocr_line' id='line_1_7' title="bbox 295 1199 2014 1286; baseline -0.002 -17"><span class='ocrx_word' id='word_1_68' title='bbox 295 1204 388 1270; x_wconf 86' lang='lat' dir='ltr'><strong>Liuio</strong></span> <span class='ocrx_word' id='word_1_69' title='bbox 409 1209 504 1271; x_wconf 91' lang='lat' dir='ltr'><strong>notos</strong></span> <span class='ocrx_word' id='word_1_70' title='bbox 524 1204 624 1271; x_wconf 83' lang='lat' dir='ltr'><strong>fuisse</strong></span> <span class='ocrx_word' id='word_1_71' title='bbox 646 1203 799 1285; x_wconf 87' lang='lat' dir='ltr'><strong>dicamus,</strong></span> <span class='ocrx_word' id='word_1_72' title='bbox 821 1221 956 1286; x_wconf 89' lang='lat' dir='ltr'><strong>eumque</strong></span> <span class='ocrx_word' id='word_1_73' title='bbox 976 1202 1204 1269; x_wconf 76' lang='lat' dir='ltr'><strong>additamentis</strong></span> <span class='ocrx_word' id='word_1_74' title='bbox 1225 1201 1289 1267; x_wconf 90' lang='lat' dir='ltr'><strong>illis</strong></span> <span class='ocrx_word' id='word_1_75' title='bbox 1310 1200 1345 1266; x_wconf 94' lang='lat' dir='ltr'><strong>id</strong></span> <span class='ocrx_word' id='word_1_76' title='bbox 1366 1201 1483 1285; x_wconf 79' lang='lat' dir='ltr'><strong>egisse,</strong></span> <span class='ocrx_word' id='word_1_77' title='bbox 1509 1208 1545 1267; x_wconf 91' lang='lat' dir='ltr'><strong>ut</strong></span> <span class='ocrx_word' id='word_1_78' title='bbox 1565 1201 1650 1267; x_wconf 92' lang='lat' dir='ltr'><strong>hunc</strong></span> <span class='ocrx_word' id='word_1_79' title='bbox 1672 1199 1840 1267; x_wconf 88' lang='lat' dir='ltr'><strong>Claudium</strong></span> <span class='ocrx_word' id='word_1_80' title='bbox 1860 1205 1897 1265; x_wconf 90' lang='lat' dir='ltr'><strong>ut</strong></span> <span class='ocrx_word' id='word_1_81' title='bbox 1916 1200 2014 1285; x_wconf 85' lang='lat' dir='ltr'><strong>scrip</strong></span> 
     </span>
     <span class='ocr_line' id='line_1_8' title="bbox 296 1302 2013 1389; baseline -0.002 -18"><span class='ocrx_word' id='word_1_82' title='bbox 296 1313 398 1372; x_wconf 90' lang='lat' dir='ltr'><strong>torem</strong></span> <span class='ocrx_word' id='word_1_83' title='bbox 419 1307 459 1371; x_wconf 91' lang='lat' dir='ltr'><strong>ab</strong></span> <span class='ocrx_word' id='word_1_84' title='bbox 481 1324 529 1389; x_wconf 90' lang='lat' dir='ltr'><strong>eo,</strong></span> <span class='ocrx_word' id='word_1_85' title='bbox 558 1324 652 1389; x_wconf 90' lang='lat' dir='ltr'><strong>quem</strong></span> <span class='ocrx_word' id='word_1_86' title='bbox 672 1305 737 1369; x_wconf 86' lang='lat' dir='ltr'><strong>iam</strong></span> <span class='ocrx_word' id='word_1_87' title='bbox 759 1312 856 1370; x_wconf 89' lang='lat' dir='ltr'><strong>antea</strong></span> <span class='ocrx_word' id='word_1_88' title='bbox 877 1312 990 1387; x_wconf 83' lang='lat' dir='ltr'><strong>quater</strong></span> <span class='ocrx_word' id='word_1_89' title='bbox 1010 1303 1208 1386; x_wconf 83' lang='lat' dir='ltr'><strong>laudauerat,</strong></span> <span class='ocrx_word' id='word_1_90' title='bbox 1236 1302 1397 1369; x_wconf 86' lang='lat' dir='ltr'><strong>diuersum</strong></span> <span class='ocrx_word' id='word_1_91' title='bbox 1424 1303 1587 1370; x_wconf 86' lang='lat' dir='ltr'><strong>indicaret</strong></span> <span class='ocrx_word' id='word_1_92' title='bbox 1610 1323 1730 1387; x_wconf 85' lang='lat' dir='ltr'><strong>quaero</strong></span> <span class='ocrx_word' id='word_1_93' title='bbox 1752 1302 1845 1386; x_wconf 83' lang='grc' dir='ltr'>ιιιίιιι,</span> <span class='ocrx_word' id='word_1_94' title='bbox 1874 1322 1929 1368; x_wconf 91' lang='lat' dir='ltr'><strong>cur</strong></span> <span class='ocrx_word' id='word_1_95' title='bbox 1948 1322 2013 1368; x_wconf 92' lang='lat' dir='ltr'><strong>non</strong></span> 
     </span>
     <span class='ocr_line' id='line_1_9' title="bbox 295 1403 2014 1493; baseline -0.002 -19"><span class='ocrx_word' id='word_1_96' title='bbox 295 1407 399 1493; x_wconf 93' lang='lat' dir='ltr'><strong>primo</strong></span> <span class='ocrx_word' id='word_1_97' title='bbox 418 1409 490 1474; x_wconf 89' lang='lat' dir='ltr'><strong>luco</strong></span> <span class='ocrx_word' id='word_1_98' title='bbox 510 1426 573 1490; x_wconf 91' lang='lat' dir='ltr'><strong>quo</strong></span> <span class='ocrx_word' id='word_1_99' title='bbox 593 1405 707 1472; x_wconf 81' lang='lat' dir='ltr'><strong>Claudi</strong></span> <span class='ocrx_word' id='word_1_100' title='bbox 728 1406 921 1473; x_wconf 87' lang='lat' dir='ltr'><strong>mentionem</strong></span> <span class='ocrx_word' id='word_1_101' title='bbox 942 1403 1021 1472; x_wconf 84' lang='lat' dir='ltr'><strong>facit</strong></span> <span class='ocrx_word' id='word_1_102' title='bbox 1042 1405 1169 1489; x_wconf 82' lang='lat' dir='ltr'><strong>(V142,</strong></span> <span class='ocrx_word' id='word_1_103' title='bbox 1183 1403 1228 1493; x_wconf 87' lang='grc'><strong>4),</strong></span> <span class='ocrx_word' id='word_1_104' title='bbox 1251 1405 1361 1472; x_wconf 88' lang='lat' dir='ltr'><strong>Liuius</strong></span> <span class='ocrx_word' id='word_1_105' title='bbox 1383 1405 1468 1471; x_wconf 88' lang='lat' dir='ltr'><strong>hanc</strong></span> <span class='ocrx_word' id='word_1_106' title='bbox 1488 1412 1598 1472; x_wconf 88' lang='lat' dir='ltr'><strong>notam</strong></span> <span class='ocrx_word' id='word_1_107' title='bbox 1619 1406 1780 1488; x_wconf 87' lang='lat' dir='ltr'><strong>adiecerit,</strong></span> <span class='ocrx_word' id='word_1_108' title='bbox 1800 1404 2014 1472; x_wconf 90' lang='lat' dir='ltr'><strong>reseruauerit</strong></span> 
     </span>
     <span class='ocr_line' id='line_1_10' title="bbox 296 1505 2013 1594; baseline -0.002 -19"><span class='ocrx_word' id='word_1_109' title='bbox 296 1509 339 1575; x_wconf 91' lang='lat' dir='ltr'><strong>ad</strong></span> <span class='ocrx_word' id='word_1_110' title='bbox 360 1508 525 1593; x_wconf 77' lang='lat' dir='ltr'><strong>quintum?</strong></span> <span class='ocrx_word' id='word_1_111' title='bbox 547 1528 603 1574; x_wconf 87' lang='lat' dir='ltr'><strong>cur</strong></span> <span class='ocrx_word' id='word_1_112' title='bbox 623 1515 756 1592; x_wconf 86' lang='lat' dir='ltr'><strong>quartae</strong></span> <span class='ocrx_word' id='word_1_113' title='bbox 777 1507 909 1575; x_wconf 90' lang='lat' dir='ltr'><strong>decadis</strong></span> <span class='ocrx_word' id='word_1_114' title='bbox 931 1515 1043 1592; x_wconf 89' lang='lat' dir='ltr'><strong>quarto</strong></span> <span class='ocrx_word' id='word_1_115' title='bbox 1064 1508 1136 1574; x_wconf 94' lang='lat' dir='ltr'><strong>loco</strong></span> <span class='ocrx_word' id='word_1_116' title='bbox 1158 1506 1296 1594; x_wconf 91' lang='lat' dir='ltr'>(XXXV</span> <span class='ocrx_word' id='word_1_117' title='bbox 1310 1505 1355 1593; x_wconf 90' lang='grc'><strong>6),</strong></span> <span class='ocrx_word' id='word_1_118' title='bbox 1376 1517 1546 1593; x_wconf 86' lang='lat' dir='ltr'><strong>postquam</strong></span> <span class='ocrx_word' id='word_1_119' title='bbox 1567 1508 1633 1574; x_wconf 89' lang='lat' dir='ltr'><strong>iam</strong></span> <span class='ocrx_word' id='word_1_120' title='bbox 1653 1508 1687 1573; x_wconf 93' lang='lat' dir='ltr'><strong>in</strong></span> <span class='ocrx_word' id='word_1_121' title='bbox 1708 1509 1788 1575; x_wconf 91' lang='lat' dir='ltr'><strong>libro</strong></span> <span class='ocrx_word' id='word_1_122' title='bbox 1807 1507 1950 1573; x_wconf 81' lang='lat' dir='ltr'>XXXIII</span> <span class='ocrx_word' id='word_1_123' title='bbox 1965 1513 2013 1572; x_wconf 89' lang='lat' dir='ltr'><strong>ter</strong></span> 
     </span>
     <span class='ocr_line' id='line_1_11' title="bbox 295 1609 2011 1696; baseline -0.001 -19"><span class='ocrx_word' id='word_1_124' title='bbox 295 1611 460 1678; x_wconf 82' lang='lat' dir='ltr'><strong>laudauit?</strong></span> <span class='ocrx_word' id='word_1_125' title='bbox 481 1610 606 1677; x_wconf 86' lang='lat' dir='ltr'><strong>accedit</strong></span> <span class='ocrx_word' id='word_1_126' title='bbox 626 1610 712 1695; x_wconf 86' lang='lat' dir='ltr'><strong>quod</strong></span> <span class='ocrx_word' id='word_1_127' title='bbox 725 1611 847 1678; x_wconf 86' lang='lat' dir='ltr'><strong>Acilius</strong></span> <span class='ocrx_word' id='word_1_128' title='bbox 868 1630 920 1677; x_wconf 97' lang='grc' dir='ltr'><strong>ιιι</strong></span> <span class='ocrx_word' id='word_1_129' title='bbox 936 1611 1097 1676; x_wconf 87' lang='lat' dir='ltr'><strong>Romanas</strong></span> <span class='ocrx_word' id='word_1_130' title='bbox 1112 1611 1153 1676; x_wconf 89' lang='lat' dir='ltr'><strong>ab</strong></span> <span class='ocrx_word' id='word_1_131' title='bbox 1169 1610 1291 1694; x_wconf 90' lang='lat' dir='ltr'><strong>origine</strong></span> <span class='ocrx_word' id='word_1_132' title='bbox 1306 1611 1392 1678; x_wconf 89' lang='lat' dir='ltr'><strong>urbis</strong></span> <span class='ocrx_word' id='word_1_133' title='bbox 1407 1610 1542 1696; x_wconf 89' lang='lat' dir='ltr'><strong>repetiit,</strong></span> <span class='ocrx_word' id='word_1_134' title='bbox 1565 1631 1586 1677; x_wconf 89' lang='lat' dir='ltr'><strong>a</strong></span> <span class='ocrx_word' id='word_1_135' title='bbox 1600 1609 1693 1676; x_wconf 89' lang='lat' dir='ltr'><strong>clade</strong></span> <span class='ocrx_word' id='word_1_136' title='bbox 1707 1611 1834 1677; x_wconf 78' lang='lat' dir='ltr'><strong>Gallica</strong></span> <span class='ocrx_word' id='word_1_137' title='bbox 1848 1609 2011 1676; x_wconf 88' lang='lat' dir='ltr'><strong>Claudius.</strong></span> 
     </span>
     <span class='ocr_line' id='line_1_12' title="bbox 296 1712 2013 1798; baseline -0.001 -19"><span class='ocrx_word' id='word_1_138' title='bbox 296 1733 380 1798; x_wconf 89' lang='lat' dir='ltr'><strong>quae</strong></span> <span class='ocrx_word' id='word_1_139' title='bbox 400 1714 497 1798; x_wconf 90' lang='lat' dir='ltr'><strong>igitur</strong></span> <span class='ocrx_word' id='word_1_140' title='bbox 517 1712 576 1778; x_wconf 82' lang='lat' dir='ltr'><strong>fuit</strong></span> <span class='ocrx_word' id='word_1_141' title='bbox 596 1732 696 1779; x_wconf 87' lang='lat' dir='ltr'><strong>causa</strong></span> <span class='ocrx_word' id='word_1_142' title='bbox 716 1712 859 1797; x_wconf 88' lang='lat' dir='ltr'><strong>Claudio,</strong></span> <span class='ocrx_word' id='word_1_143' title='bbox 885 1718 922 1778; x_wconf 92' lang='lat' dir='ltr'><strong>ut</strong></span> <span class='ocrx_word' id='word_1_144' title='bbox 942 1712 1091 1796; x_wconf 91' lang='lat' dir='ltr'><strong>quoniam</strong></span> <span class='ocrx_word' id='word_1_145' title='bbox 1117 1712 1180 1779; x_wconf 90' lang='lat' dir='ltr'><strong>hoc</strong></span> <span class='ocrx_word' id='word_1_146' title='bbox 1207 1714 1275 1779; x_wconf 90' lang='lat' dir='ltr'><strong>eius</strong></span> <span class='ocrx_word' id='word_1_147' title='bbox 1301 1712 1361 1778; x_wconf 86' lang='lat' dir='ltr'><strong>fuit</strong></span> <span class='ocrx_word' id='word_1_148' title='bbox 1387 1715 1553 1781; x_wconf 75' lang='lat' dir='ltr'><strong>consilinm</strong></span> <span class='ocrx_word' id='word_1_149' title='bbox 1573 1719 1610 1779; x_wconf 92' lang='lat' dir='ltr'><strong>ut</strong></span> <span class='ocrx_word' id='word_1_150' title='bbox 1630 1714 1765 1780; x_wconf 89' lang='lat' dir='ltr'><strong>annales</strong></span> <span class='ocrx_word' id='word_1_151' title='bbox 1786 1712 1950 1779; x_wconf 78' lang='lat' dir='ltr'><strong>Acilianos</strong></span> <span class='ocrx_word' id='word_1_152' title='bbox 1972 1727 2013 1777; x_wconf 86' lang='grc' dir='ltr'><strong>ιι</strong></span> 
     </span>
     <span class='ocr_line' id='line_1_13' title="bbox 297 1813 2011 1899; baseline -0.003 -16"><span class='ocrx_word' id='word_1_153' title='bbox 297 1816 422 1883; x_wconf 80' lang='lat' dir='ltr'><strong>Graeco</strong></span> <span class='ocrx_word' id='word_1_154' title='bbox 443 1815 477 1880; x_wconf 88' lang='lat' dir='ltr'><strong>in</strong></span> <span class='ocrx_word' id='word_1_155' title='bbox 491 1815 639 1881; x_wconf 85' lang='lat' dir='ltr'><strong>Latinum</strong></span> <span class='ocrx_word' id='word_1_156' title='bbox 658 1822 799 1881; x_wconf 87' lang='lat' dir='ltr'><strong>uerteret</strong></span> <span class='ocrx_word' id='word_1_157' title='bbox 818 1834 1005 1898; x_wconf 89' lang='lat' dir='ltr'><strong>sermonem,</strong></span> <span class='ocrx_word' id='word_1_158' title='bbox 1026 1834 1091 1880; x_wconf 91' lang='lat' dir='ltr'><strong>non</strong></span> <span class='ocrx_word' id='word_1_159' title='bbox 1111 1821 1259 1898; x_wconf 87' lang='lat' dir='ltr'><strong>uerteret,</strong></span> <span class='ocrx_word' id='word_1_160' title='bbox 1281 1834 1365 1899; x_wconf 90' lang='lat' dir='ltr'><strong>qnae</strong></span> <span class='ocrx_word' id='word_1_161' title='bbox 1386 1825 1460 1881; x_wconf 82' lang='lat' dir='ltr'><strong>ente</strong></span> <span class='ocrx_word' id='word_1_162' title='bbox 1483 1816 1607 1882; x_wconf 89' lang='lat' dir='ltr'><strong>cladem</strong></span> <span class='ocrx_word' id='word_1_163' title='bbox 1622 1816 1779 1883; x_wconf 81' lang='lat' dir='ltr'><strong>Gallicam</strong></span> <span class='ocrx_word' id='word_1_164' title='bbox 1793 1814 1880 1880; x_wconf 83' lang='lat' dir='ltr'><strong>iacta</strong></span> <span class='ocrx_word' id='word_1_165' title='bbox 1899 1813 2011 1880; x_wconf 76' lang='lat' dir='ltr'><strong>erant?</strong></span> 
     </span>
     <span class='ocr_line' id='line_1_14' title="bbox 297 1916 2012 2002; baseline -0.003 -16"><span class='ocrx_word' id='word_1_166' title='bbox 297 1917 357 1986; x_wconf 88' lang='lat' dir='ltr'><strong>sed</strong></span> <span class='ocrx_word' id='word_1_167' title='bbox 377 1917 464 1983; x_wconf 90' lang='lat' dir='ltr'><strong>dicat</strong></span> <span class='ocrx_word' id='word_1_168' title='bbox 483 1917 651 2002; x_wconf 88' lang='lat' dir='ltr'><strong>quispiam,</strong></span> <span class='ocrx_word' id='word_1_169' title='bbox 673 1917 840 1983; x_wconf 88' lang='lat' dir='ltr'><strong>Claudium</strong></span> <span class='ocrx_word' id='word_1_170' title='bbox 861 1936 959 1984; x_wconf 90' lang='lat' dir='ltr'><strong>unum</strong></span> <span class='ocrx_word' id='word_1_171' title='bbox 978 1916 1086 1999; x_wconf 86' lang='lat' dir='ltr'><strong>luisse,</strong></span> <span class='ocrx_word' id='word_1_172' title='bbox 1113 1917 1211 1983; x_wconf 90' lang='lat' dir='ltr'><strong>libros</strong></span> <span class='ocrx_word' id='word_1_173' title='bbox 1232 1917 1388 1985; x_wconf 85' lang='lat' dir='ltr'><strong>diuersos.</strong></span> <span class='ocrx_word' id='word_1_174' title='bbox 1430 1925 1465 1984; x_wconf 89' lang='lat' dir='ltr'><strong>at</strong></span> <span class='ocrx_word' id='word_1_175' title='bbox 1485 1919 1598 1984; x_wconf 81' lang='lat' dir='ltr'><strong>mirrnn</strong></span> <span class='ocrx_word' id='word_1_176' title='bbox 1626 1926 1676 1985; x_wconf 90' lang='lat' dir='ltr'><strong>est</strong></span> <span class='ocrx_word' id='word_1_177' title='bbox 1696 1917 1833 1984; x_wconf 90' lang='lat' dir='ltr'><strong>eundem</strong></span> <span class='ocrx_word' id='word_1_178' title='bbox 1852 1916 2012 1982; x_wconf 86' lang='lat' dir='ltr'><strong>hominem</strong></span> 
     </span>
     <span class='ocr_line' id='line_1_15' title="bbox 295 2018 2012 2106; baseline -0.002 -19"><span class='ocrx_word' id='word_1_179' title='bbox 295 2028 329 2087; x_wconf 88' lang='lat' dir='ltr'><strong>et</strong></span> <span class='ocrx_word' id='word_1_180' title='bbox 339 2020 501 2106; x_wconf 86' lang='lat' dir='ltr'><strong>scriptoris</strong></span> <span class='ocrx_word' id='word_1_181' title='bbox 512 2019 628 2086; x_wconf 79' lang='lat' dir='ltr'><strong>Graeci</strong></span> <span class='ocrx_word' id='word_1_182' title='bbox 638 2021 783 2103; x_wconf 88' lang='lat' dir='ltr'><strong>annales,</strong></span> <span class='ocrx_word' id='word_1_183' title='bbox 794 2038 877 2103; x_wconf 89' lang='lat' dir='ltr'><strong>quae</strong></span> <span class='ocrx_word' id='word_1_184' title='bbox 887 2018 931 2084; x_wconf 85' lang='lat' dir='ltr'><strong>ad</strong></span> <span class='ocrx_word' id='word_1_185' title='bbox 940 2020 1018 2086; x_wconf 90' lang='lat' dir='ltr'><strong>urbe</strong></span> <span class='ocrx_word' id='word_1_186' title='bbox 1030 2018 1158 2085; x_wconf 87' lang='lat' dir='ltr'><strong>condita</strong></span> <span class='ocrx_word' id='word_1_187' title='bbox 1169 2020 1330 2087; x_wconf 89' lang='lat' dir='ltr'><strong>minimum</strong></span> <span class='ocrx_word' id='word_1_188' title='bbox 1341 2021 1387 2087; x_wconf 86' lang='lat' dir='ltr'><strong>ad·</strong></span> <span class='ocrx_word' id='word_1_189' title='bbox 1393 2041 1511 2087; x_wconf 93' lang='lat' dir='ltr'><strong>annum</strong></span> <span class='ocrx_word' id='word_1_190' title='bbox 1518 2021 1651 2102; x_wconf 67' lang='lat' dir='ltr'>193f561</span> <span class='ocrx_word' id='word_1_191' title='bbox 1659 2021 1869 2106; x_wconf 87' lang='lat' dir='ltr'><strong>pertinebant,</strong></span> <span class='ocrx_word' id='word_1_192' title='bbox 1875 2019 2012 2085; x_wconf 88' lang='lat' dir='ltr'><strong>uertisse</strong></span> 
     </span>
     <span class='ocr_line' id='line_1_16' title="bbox 296 2119 2013 2208; baseline -0.002 -19"><span class='ocrx_word' id='word_1_193' title='bbox 296 2129 330 2189; x_wconf 90' lang='grc' dir='ltr'><strong>ιι</strong></span> <span class='ocrx_word' id='word_1_194' title='bbox 342 2129 510 2208; x_wconf 89' lang='lat' dir='ltr'><strong>praeterea</strong></span> <span class='ocrx_word' id='word_1_195' title='bbox 524 2141 583 2188; x_wconf 90' lang='lat' dir='ltr'><strong>suo</strong></span> <span class='ocrx_word' id='word_1_196' title='bbox 603 2120 721 2188; x_wconf 90' lang='lat' dir='ltr'><strong>iudicio</strong></span> <span class='ocrx_word' id='word_1_197' title='bbox 741 2122 775 2187; x_wconf 92' lang='lat' dir='ltr'><strong>in</strong></span> <span class='ocrx_word' id='word_1_198' title='bbox 796 2122 935 2188; x_wconf 86' lang='lat' dir='ltr'><strong>lontibus</strong></span> <span class='ocrx_word' id='word_1_199' title='bbox 963 2122 1119 2207; x_wconf 85' lang='lat' dir='ltr'><strong>eligendis</strong></span> <span class='ocrx_word' id='word_1_200' title='bbox 1133 2127 1166 2187; x_wconf 89' lang='grc' dir='ltr'><strong>ιι</strong></span> <span class='ocrx_word' id='word_1_201' title='bbox 1179 2122 1397 2190; x_wconf 87' lang='lat' dir='ltr'><strong>describendis</strong></span> <span class='ocrx_word' id='word_1_202' title='bbox 1418 2143 1512 2189; x_wconf 92' lang='lat' dir='ltr'><strong>usum</strong></span> <span class='ocrx_word' id='word_1_203' title='bbox 1531 2142 1585 2188; x_wconf 88' lang='lat' dir='ltr'><strong>res</strong></span> <span class='ocrx_word' id='word_1_204' title='bbox 1606 2122 1727 2208; x_wconf 87' lang='lat' dir='ltr'><strong>patrias</strong></span> <span class='ocrx_word' id='word_1_205' title='bbox 1743 2144 1764 2189; x_wconf 91' lang='lat' dir='ltr'><strong>a</strong></span> <span class='ocrx_word' id='word_1_206' title='bbox 1778 2123 1871 2189; x_wconf 88' lang='lat' dir='ltr'><strong>clade</strong></span> <span class='ocrx_word' id='word_1_207' title='bbox 1885 2119 2013 2189; x_wconf 80' lang='lat' dir='ltr'><strong>Gallica</strong></span> 
     </span>
     <span class='ocr_line' id='line_1_17' title="bbox 294 2222 2011 2310; baseline -0.001 -20"><span class='ocrx_word' id='word_1_208' title='bbox 294 2243 397 2308; x_wconf 88' lang='lat' dir='ltr'><strong>usque</strong></span> <span class='ocrx_word' id='word_1_209' title='bbox 418 2223 462 2290; x_wconf 88' lang='lat' dir='ltr'><strong>ad</strong></span> <span class='ocrx_word' id='word_1_210' title='bbox 482 2245 573 2291; x_wconf 91' lang='lat' dir='ltr'><strong>suam</strong></span> <span class='ocrx_word' id='word_1_211' title='bbox 594 2230 732 2290; x_wconf 85' lang='lat' dir='ltr'><strong>aetatem</strong></span> <span class='ocrx_word' id='word_1_212' title='bbox 755 2222 938 2293; x_wconf 81' lang='lat' dir='ltr'><strong>deduxisse.</strong></span> <span class='ocrx_word' id='word_1_213' title='bbox 993 2225 1102 2291; x_wconf 90' lang='lat' dir='ltr'><strong>Liuius</strong></span> <span class='ocrx_word' id='word_1_214' title='bbox 1133 2223 1261 2308; x_wconf 90' lang='lat' dir='ltr'><strong>quidem</strong></span> <span class='ocrx_word' id='word_1_215' title='bbox 1287 2224 1442 2309; x_wconf 88' lang='lat' dir='ltr'><strong>homines,</strong></span> <span class='ocrx_word' id='word_1_216' title='bbox 1474 2246 1538 2292; x_wconf 92' lang='lat' dir='ltr'><strong>non</strong></span> <span class='ocrx_word' id='word_1_217' title='bbox 1559 2225 1658 2292; x_wconf 91' lang='lat' dir='ltr'><strong>libros</strong></span> <span class='ocrx_word' id='word_1_218' title='bbox 1680 2225 1876 2310; x_wconf 86' lang='lat' dir='ltr'><strong>distinguere</strong></span> <span class='ocrx_word' id='word_1_219' title='bbox 1897 2223 2011 2307; x_wconf 85' lang='lat' dir='ltr'><strong>uoluit3</strong></span> 
     </span>
     <span class='ocr_line' id='line_1_18' title="bbox 295 2325 1442 2412; baseline 0 -20"><span class='ocrx_word' id='word_1_220' title='bbox 295 2326 381 2411; x_wconf 91' lang='lat' dir='ltr'><strong>quod</strong></span> <span class='ocrx_word' id='word_1_221' title='bbox 402 2327 431 2393; x_wconf 92' lang='lat' dir='ltr'><strong>si</strong></span> <span class='ocrx_word' id='word_1_222' title='bbox 452 2328 616 2411; x_wconf 85' lang='lat' dir='ltr'><strong>uoluisset,</strong></span> <span class='ocrx_word' id='word_1_223' title='bbox 638 2325 822 2412; x_wconf 84' lang='lat' dir='ltr'><strong>scripsisset</strong></span> <span class='ocrx_word' id='word_1_224' title='bbox 840 2325 1005 2411; x_wconf 87' lang='lat' dir='ltr'><strong>,Claudius</strong></span> <span class='ocrx_word' id='word_1_225' title='bbox 1025 2328 1060 2392; x_wconf 92' lang='lat' dir='ltr'><strong>in</strong></span> <span class='ocrx_word' id='word_1_226' title='bbox 1082 2346 1120 2393; x_wconf 92' lang='grc' dir='ltr'><strong>ιο</strong></span> <span class='ocrx_word' id='word_1_227' title='bbox 1141 2327 1221 2393; x_wconf 88' lang='lat' dir='ltr'><strong>libro</strong></span> <span class='ocrx_word' id='word_1_228' title='bbox 1243 2347 1305 2410; x_wconf 91' lang='lat' dir='ltr'><strong>quo</strong></span> <span class='ocrx_word' id='word_1_229' title='bbox 1326 2327 1442 2395; x_wconf 84' lang='lat' dir='ltr'><strong>uertit‘</strong></span> 
     </span>
    </p>

    <p class='ocr_par' dir='ltr' id='par_1_3' title="bbox 295 2426 2014 3741">
     <span class='ocr_line' id='line_1_19' title="bbox 380 2426 2013 2516; baseline -0.002 -19"><span class='ocrx_word' id='word_1_230' title='bbox 380 2430 480 2497; x_wconf 84' lang='lat' dir='ltr'><strong>Recte</strong></span> <span class='ocrx_word' id='word_1_231' title='bbox 506 2430 604 2514; x_wconf 88' lang='lat' dir='ltr'><strong>igitur</strong></span> <span class='ocrx_word' id='word_1_232' title='bbox 627 2430 669 2497; x_wconf 91' lang='grc' dir='ltr'><strong>Η.</strong></span> <span class='ocrx_word' id='word_1_233' title='bbox 691 2429 809 2496; x_wconf 82' lang='lat' dir='ltr'><strong>Nissen</strong></span> <span class='ocrx_word' id='word_1_234' title='bbox 840 2427 878 2516; x_wconf 86' lang='lat' dir='ltr'><strong>(l.</strong></span> <span class='ocrx_word' id='word_1_235' title='bbox 899 2450 926 2496; x_wconf 92' lang='lat' dir='ltr'><strong>s.</strong></span> <span class='ocrx_word' id='word_1_236' title='bbox 948 2451 979 2516; x_wconf 91' lang='lat' dir='ltr'><strong>p.</strong></span> <span class='ocrx_word' id='word_1_237' title='bbox 1001 2426 1059 2514; x_wconf 84' lang='lat'><strong>40)</strong></span> <span class='ocrx_word' id='word_1_238' title='bbox 1092 2427 1260 2495; x_wconf 90' lang='lat' dir='ltr'><strong>Claudium</strong></span> <span class='ocrx_word' id='word_1_239' title='bbox 1287 2428 1533 2513; x_wconf 80' lang='lat' dir='ltr'><strong>Quadrigarium</strong></span> <span class='ocrx_word' id='word_1_240' title='bbox 1561 2437 1594 2496; x_wconf 90' lang='lat' dir='ltr'><strong>et</strong></span> <span class='ocrx_word' id='word_1_241' title='bbox 1614 2428 1782 2495; x_wconf 87' lang='lat' dir='ltr'><strong>Claudium</strong></span> <span class='ocrx_word' id='word_1_242' title='bbox 1809 2430 2013 2514; x_wconf 86' lang='lat' dir='ltr'><strong>interpretem</strong></span> 
     </span>
     <span class='ocr_line' id='line_1_20' title="bbox 295 2531 2013 2616; baseline -0.001 -20"><span class='ocrx_word' id='word_1_243' title='bbox 295 2531 476 2598; x_wconf 87' lang='lat' dir='ltr'><strong>Acilianum</strong></span> <span class='ocrx_word' id='word_1_244' title='bbox 496 2531 631 2597; x_wconf 92' lang='lat' dir='ltr'><strong>eundem</strong></span> <span class='ocrx_word' id='word_1_245' title='bbox 653 2531 813 2597; x_wconf 89' lang='lat' dir='ltr'><strong>bominem</strong></span> <span class='ocrx_word' id='word_1_246' title='bbox 835 2550 909 2599; x_wconf 87' lang='lat' dir='ltr'><strong>esse</strong></span> <span class='ocrx_word' id='word_1_247' title='bbox 936 2532 1076 2615; x_wconf 82' lang='lat' dir='ltr'><strong>negauit,</strong></span> <span class='ocrx_word' id='word_1_248' title='bbox 1109 2531 1169 2598; x_wconf 88' lang='lat' dir='ltr'><strong>sed</strong></span> <span class='ocrx_word' id='word_1_249' title='bbox 1189 2551 1320 2616; x_wconf 90' lang='lat' dir='ltr'><strong>prorsus</strong></span> <span class='ocrx_word' id='word_1_250' title='bbox 1347 2533 1466 2597; x_wconf 89' lang='lat' dir='ltr'><strong>errauit</strong></span> <span class='ocrx_word' id='word_1_251' title='bbox 1485 2532 1536 2597; x_wconf 81' lang='lat' dir='ltr'><strong>uit</strong></span> <span class='ocrx_word' id='word_1_252' title='bbox 1557 2531 1768 2616; x_wconf 89' lang='lat' dir='ltr'><strong>doctissimus,</strong></span> <span class='ocrx_word' id='word_1_253' title='bbox 1801 2532 1927 2598; x_wconf 90' lang='lat' dir='ltr'><strong>Liuium</strong></span> <span class='ocrx_word' id='word_1_254' title='bbox 1946 2549 2013 2596; x_wconf 91' lang='lat' dir='ltr'><strong>non</strong></span> 
     </span>
     <span class='ocr_line' id='line_1_21' title="bbox 296 2630 2013 2718; baseline -0.002 -18"><span class='ocrx_word' id='word_1_255' title='bbox 296 2633 507 2718; x_wconf 80' lang='lat' dir='ltr'><strong>Quadrigario</strong></span> <span class='ocrx_word' id='word_1_256' title='bbox 528 2632 588 2700; x_wconf 92' lang='lat' dir='ltr'><strong>sed</strong></span> <span class='ocrx_word' id='word_1_257' title='bbox 607 2633 693 2700; x_wconf 88' lang='lat' dir='ltr'><strong>Acili</strong></span> <span class='ocrx_word' id='word_1_258' title='bbox 712 2635 880 2701; x_wconf 87' lang='lat' dir='ltr'><strong>annalibus</strong></span> <span class='ocrx_word' id='word_1_259' title='bbox 902 2656 924 2700; x_wconf 89' lang='lat' dir='ltr'><strong>a</strong></span> <span class='ocrx_word' id='word_1_260' title='bbox 937 2633 1071 2701; x_wconf 89' lang='lat' dir='ltr'><strong>Claudio</strong></span> <span class='ocrx_word' id='word_1_261' title='bbox 1093 2633 1232 2717; x_wconf 92' lang='lat' dir='ltr'><strong>quodam</strong></span> <span class='ocrx_word' id='word_1_262' title='bbox 1252 2633 1286 2699; x_wconf 91' lang='lat' dir='ltr'><strong>in</strong></span> <span class='ocrx_word' id='word_1_263' title='bbox 1308 2653 1485 2700; x_wconf 85' lang='lat' dir='ltr'><strong>sermonem</strong></span> <span class='ocrx_word' id='word_1_264' title='bbox 1499 2635 1647 2700; x_wconf 85' lang='lat' dir='ltr'><strong>Latinum</strong></span> <span class='ocrx_word' id='word_1_265' title='bbox 1666 2635 1771 2701; x_wconf 89' lang='lat' dir='ltr'><strong>uersis</strong></span> <span class='ocrx_word' id='word_1_266' title='bbox 1793 2640 1826 2700; x_wconf 88' lang='grc' dir='ltr'><strong>ιι</strong></span> <span class='ocrx_word' id='word_1_267' title='bbox 1845 2652 1948 2716; x_wconf 89' lang='lat' dir='ltr'><strong>nsque</strong></span> <span class='ocrx_word' id='word_1_268' title='bbox 1969 2630 2013 2697; x_wconf 87' lang='lat' dir='ltr'><strong>ad</strong></span> 
     </span>
     <span class='ocr_line' id='line_1_22' title="bbox 295 2735 2011 2821; baseline -0.001 -19"><span class='ocrx_word' id='word_1_269' title='bbox 295 2735 397 2820; x_wconf 89' lang='lat' dir='ltr'><strong>ipsius</strong></span> <span class='ocrx_word' id='word_1_270' title='bbox 424 2742 563 2802; x_wconf 87' lang='lat' dir='ltr'><strong>aetatem</strong></span> <span class='ocrx_word' id='word_1_271' title='bbox 591 2736 784 2804; x_wconf 88' lang='lat' dir='ltr'><strong>continuatis</strong></span> <span class='ocrx_word' id='word_1_272' title='bbox 811 2757 903 2803; x_wconf 87' lang='lat' dir='ltr'><strong>usum</strong></span> <span class='ocrx_word' id='word_1_273' title='bbox 930 2755 1004 2802; x_wconf 87' lang='lat' dir='ltr'><strong>esse</strong></span> <span class='ocrx_word' id='word_1_274' title='bbox 1033 2736 1191 2821; x_wconf 89' lang='lat' dir='ltr'><strong>opinatus.</strong></span> <span class='ocrx_word' id='word_1_275' title='bbox 1245 2736 1328 2802; x_wconf 87' lang='lat' dir='ltr'><strong>Nam</strong></span> <span class='ocrx_word' id='word_1_276' title='bbox 1355 2737 1494 2802; x_wconf 89' lang='lat' dir='ltr'><strong>narratio</strong></span> <span class='ocrx_word' id='word_1_277' title='bbox 1521 2737 1703 2803; x_wconf 85' lang='lat' dir='ltr'><strong>certaminis</strong></span> <span class='ocrx_word' id='word_1_278' title='bbox 1724 2737 1761 2803; x_wconf 81' lang='grc' dir='ltr'><strong>Τ.</strong></span> <span class='ocrx_word' id='word_1_279' title='bbox 1784 2736 1892 2819; x_wconf 84' lang='lat' dir='ltr'><strong>Manli,</strong></span> <span class='ocrx_word' id='word_1_280' title='bbox 1915 2754 2011 2818; x_wconf 90' lang='lat' dir='ltr'><strong>quam</strong></span> 
     </span>
     <span class='ocr_line' id='line_1_23' title="bbox 297 2835 2012 2927; baseline -0.003 -21"><span class='ocrx_word' id='word_1_281' title='bbox 297 2839 420 2906; x_wconf 84' lang='lat' dir='ltr'><strong>Gellius</strong></span> <span class='ocrx_word' id='word_1_282' title='bbox 446 2836 497 2925; x_wconf 84' lang='lat' dir='ltr'><strong>(fr.</strong></span> <span class='ocrx_word' id='word_1_283' title='bbox 521 2835 597 2922; x_wconf 62' lang='lat' dir='ltr'><strong>lob)</strong></span> <span class='ocrx_word' id='word_1_284' title='bbox 624 2858 665 2904; x_wconf 88' lang='grc' dir='ltr'><strong>ιι</strong></span> <span class='ocrx_word' id='word_1_285' title='bbox 686 2837 898 2923; x_wconf 82' lang='lat' dir='ltr'><strong>Quadrigario</strong></span> <span class='ocrx_word' id='word_1_286' title='bbox 932 2838 994 2927; x_wconf 92' lang='lat' dir='ltr'><strong>(sic</strong></span> <span class='ocrx_word' id='word_1_287' title='bbox 1021 2858 1094 2904; x_wconf 87' lang='lat' dir='ltr'><strong>eum</strong></span> <span class='ocrx_word' id='word_1_288' title='bbox 1121 2839 1265 2923; x_wconf 88' lang='lat' dir='ltr'><strong>adpellat</strong></span> <span class='ocrx_word' id='word_1_289' title='bbox 1286 2842 1306 2921; x_wconf 67' lang='grc' dir='ltr'>ξ</span> <span class='ocrx_word' id='word_1_290' title='bbox 1326 2842 1377 2923; x_wconf 86' lang='grc'><strong>20,</strong></span> <span class='ocrx_word' id='word_1_291' title='bbox 1408 2858 1502 2922; x_wconf 88' lang='lat' dir='ltr'><strong>quem</strong></span> <span class='ocrx_word' id='word_1_292' title='bbox 1523 2842 1543 2921; x_wconf 68' lang='grc' dir='ltr'>ξ</span> <span class='ocrx_word' id='word_1_293' title='bbox 1564 2843 1586 2906; x_wconf 88' lang='grc'>4</span> <span class='ocrx_word' id='word_1_294' title='bbox 1607 2838 1646 2918; x_wconf 81' lang='lat' dir='ltr'><strong>Q.</strong></span> <span class='ocrx_word' id='word_1_295' title='bbox 1669 2836 1850 2924; x_wconf 87' lang='lat' dir='ltr'><strong>Claudium)</strong></span> <span class='ocrx_word' id='word_1_296' title='bbox 1882 2836 2012 2921; x_wconf 86' lang='lat' dir='ltr'><strong>rettulit,</strong></span> 
     </span>
     <span class='ocr_line' id='line_1_24' title="bbox 295 2939 2014 3025; baseline -0.002 -17"><span class='ocrx_word' id='word_1_297' title='bbox 295 2941 342 3007; x_wconf 91' lang='lat' dir='ltr'><strong>ita</strong></span> <span class='ocrx_word' id='word_1_298' title='bbox 371 2941 530 3008; x_wconf 88' lang='lat' dir='ltr'><strong>consentit</strong></span> <span class='ocrx_word' id='word_1_299' title='bbox 560 2960 632 3006; x_wconf 89' lang='lat' dir='ltr'><strong>cum</strong></span> <span class='ocrx_word' id='word_1_300' title='bbox 653 2940 754 3024; x_wconf 82' lang='lat' dir='ltr'><strong>Idolo,</strong></span> <span class='ocrx_word' id='word_1_301' title='bbox 786 2941 842 3024; x_wconf 93' lang='lat' dir='ltr'><strong>qui</strong></span> <span class='ocrx_word' id='word_1_302' title='bbox 863 2940 972 3008; x_wconf 82' lang='lat' dir='ltr'><strong>v142</strong></span> <span class='ocrx_word' id='word_1_303' title='bbox 994 2939 1161 3007; x_wconf 83' lang='lat' dir='ltr'><strong>ClaudIum</strong></span> <span class='ocrx_word' id='word_1_304' title='bbox 1183 2962 1276 3008; x_wconf 90' lang='lat' dir='ltr'><strong>snum</strong></span> <span class='ocrx_word' id='word_1_305' title='bbox 1302 2941 1342 3007; x_wconf 90' lang='lat' dir='ltr'><strong>de</strong></span> <span class='ocrx_word' id='word_1_306' title='bbox 1369 2941 1482 3007; x_wconf 87' lang='lat' dir='ltr'><strong>eadem</strong></span> <span class='ocrx_word' id='word_1_307' title='bbox 1502 2960 1538 3007; x_wconf 91' lang='lat' dir='ltr'><strong>re</strong></span> <span class='ocrx_word' id='word_1_308' title='bbox 1563 2942 1760 3025; x_wconf 77' lang='lat' dir='ltr'><strong>leudonerat,</strong></span> <span class='ocrx_word' id='word_1_309' title='bbox 1791 2948 1828 3008; x_wconf 92' lang='lat' dir='ltr'><strong>ut</strong></span> <span class='ocrx_word' id='word_1_310' title='bbox 1847 2949 2014 3022; x_wconf 88' lang='lat' dir='ltr'><strong>utramque</strong></span> 
     </span>
     <span class='ocr_line' id='line_1_25' title="bbox 297 3041 2012 3129; baseline -0.001 -19"><span class='ocrx_word' id='word_1_311' title='bbox 297 3045 510 3110; x_wconf 87' lang='lat' dir='ltr'><strong>narrationem</strong></span> <span class='ocrx_word' id='word_1_312' title='bbox 536 3061 577 3108; x_wconf 93' lang='grc' dir='ltr'><strong>ιι</strong></span> <span class='ocrx_word' id='word_1_313' title='bbox 604 3041 718 3108; x_wconf 87' lang='lat' dir='ltr'><strong>eodem</strong></span> <span class='ocrx_word' id='word_1_314' title='bbox 742 3041 830 3109; x_wconf 85' lang='lat' dir='ltr'><strong>fonte</strong></span> <span class='ocrx_word' id='word_1_315' title='bbox 856 3041 988 3109; x_wconf 84' lang='lat' dir='ltr'><strong>fluxisse</strong></span> <span class='ocrx_word' id='word_1_316' title='bbox 1010 3062 1145 3109; x_wconf 87' lang='lat' dir='ltr'><strong>necesse</strong></span> <span class='ocrx_word' id='word_1_317' title='bbox 1168 3044 1218 3114; x_wconf 89' lang='lat' dir='ltr'><strong>sit.</strong></span> <span class='ocrx_word' id='word_1_318' title='bbox 1252 3045 1414 3128; x_wconf 81' lang='lat' dir='ltr'><strong>multaque</strong></span> <span class='ocrx_word' id='word_1_319' title='bbox 1440 3043 1557 3110; x_wconf 86' lang='lat' dir='ltr'><strong>similia</strong></span> <span class='ocrx_word' id='word_1_320' title='bbox 1583 3045 1731 3129; x_wconf 82' lang='lat' dir='ltr'><strong>exempla</strong></span> <span class='ocrx_word' id='word_1_321' title='bbox 1751 3044 1785 3109; x_wconf 91' lang='lat' dir='ltr'><strong>in</strong></span> <span class='ocrx_word' id='word_1_322' title='bbox 1807 3042 2012 3108; x_wconf 86' lang='lat' dir='ltr'><strong>adnotatione</strong></span> 
     </span>
     <span class='ocr_line' id='line_1_26' title="bbox 295 3143 2014 3231; baseline -0.001 -20"><span class='ocrx_word' id='word_1_323' title='bbox 295 3152 405 3213; x_wconf 91' lang='lat' dir='ltr'><strong>nostra</strong></span> <span class='ocrx_word' id='word_1_324' title='bbox 427 3144 480 3229; x_wconf 77' lang='lat' dir='ltr'><strong>(ct</strong></span> <span class='ocrx_word' id='word_1_325' title='bbox 501 3144 667 3230; x_wconf 92' lang='lat' dir='ltr'><strong>inprimis</strong></span> <span class='ocrx_word' id='word_1_326' title='bbox 689 3143 733 3210; x_wconf 89' lang='lat' dir='ltr'><strong>ad</strong></span> <span class='ocrx_word' id='word_1_327' title='bbox 752 3143 790 3214; x_wconf 88' lang='lat' dir='ltr'><strong>ir.</strong></span> <span class='ocrx_word' id='word_1_328' title='bbox 813 3147 854 3212; x_wconf 83' lang='lat'><strong>15</strong></span> <span class='ocrx_word' id='word_1_329' title='bbox 876 3151 909 3211; x_wconf 90' lang='grc' dir='ltr'><strong>ιι</strong></span> <span class='ocrx_word' id='word_1_330' title='bbox 931 3144 985 3231; x_wconf 87' lang='grc'><strong>16)</strong></span> <span class='ocrx_word' id='word_1_331' title='bbox 1008 3147 1215 3230; x_wconf 88' lang='lat' dir='ltr'><strong>conlegimus,</strong></span> <span class='ocrx_word' id='word_1_332' title='bbox 1238 3147 1414 3230; x_wconf 84' lang='lat' dir='ltr'><strong>exquibus</strong></span> <span class='ocrx_word' id='word_1_333' title='bbox 1436 3145 1572 3211; x_wconf 90' lang='lat' dir='ltr'><strong>eundem</strong></span> <span class='ocrx_word' id='word_1_334' title='bbox 1593 3146 1761 3212; x_wconf 86' lang='lat' dir='ltr'><strong>ClandIum</strong></span> <span class='ocrx_word' id='word_1_335' title='bbox 1782 3155 1816 3211; x_wconf 91' lang='grc' dir='ltr'><strong>ιι</strong></span> <span class='ocrx_word' id='word_1_336' title='bbox 1834 3144 1958 3211; x_wconf 91' lang='lat' dir='ltr'><strong>aLiuio</strong></span> <span class='ocrx_word' id='word_1_337' title='bbox 1981 3150 2014 3209; x_wconf 93' lang='grc' dir='ltr'><strong>ιι</strong></span> 
     </span>
     <span class='ocr_line' id='line_1_27' title="bbox 296 3247 2014 3333; baseline -0.002 -19"><span class='ocrx_word' id='word_1_338' title='bbox 296 3269 318 3314; x_wconf 88' lang='lat' dir='ltr'><strong>a</strong></span> <span class='ocrx_word' id='word_1_339' title='bbox 339 3248 454 3331; x_wconf 83' lang='lat' dir='ltr'><strong>Gellio,</strong></span> <span class='ocrx_word' id='word_1_340' title='bbox 475 3247 531 3331; x_wconf 92' lang='lat' dir='ltr'><strong>qui</strong></span> <span class='ocrx_word' id='word_1_341' title='bbox 551 3248 651 3314; x_wconf 86' lang='lat' dir='ltr'><strong>tribus</strong></span> <span class='ocrx_word' id='word_1_342' title='bbox 674 3266 747 3313; x_wconf 86' lang='lat' dir='ltr'><strong>eum</strong></span> <span class='ocrx_word' id='word_1_343' title='bbox 768 3254 861 3314; x_wconf 91' lang='lat' dir='ltr'><strong>omat</strong></span> <span class='ocrx_word' id='word_1_344' title='bbox 880 3247 1068 3331; x_wconf 92' lang='lat' dir='ltr'><strong>nominibus,</strong></span> <span class='ocrx_word' id='word_1_345' title='bbox 1096 3247 1272 3314; x_wconf 89' lang='lat' dir='ltr'><strong>adhibitum</strong></span> <span class='ocrx_word' id='word_1_346' title='bbox 1294 3267 1368 3316; x_wconf 86' lang='lat' dir='ltr'><strong>esse</strong></span> <span class='ocrx_word' id='word_1_347' title='bbox 1389 3255 1523 3316; x_wconf 86' lang='lat' dir='ltr'><strong>constat</strong></span> <span class='ocrx_word' id='word_1_348' title='bbox 1555 3256 1652 3333; x_wconf 87' lang='lat' dir='ltr'><strong>atque</strong></span> <span class='ocrx_word' id='word_1_349' title='bbox 1673 3248 1758 3332; x_wconf 92' lang='lat' dir='ltr'><strong>quod</strong></span> <span class='ocrx_word' id='word_1_350' title='bbox 1779 3248 1897 3314; x_wconf 87' lang='lat' dir='ltr'><strong>Nissen</strong></span> <span class='ocrx_word' id='word_1_351' title='bbox 1918 3248 1951 3311; x_wconf 87' lang='lat' dir='ltr'><strong>ln</strong></span> <span class='ocrx_word' id='word_1_352' title='bbox 1972 3265 2014 3310; x_wconf 90' lang='lat' dir='ltr'><strong>ea</strong></span> 
     </span>
     <span class='ocr_line' id='line_1_28' title="bbox 296 3348 2012 3434; baseline -0.002 -16"><span class='ocrx_word' id='word_1_353' title='bbox 296 3371 332 3418; x_wconf 91' lang='lat' dir='ltr'><strong>re</strong></span> <span class='ocrx_word' id='word_1_354' title='bbox 362 3349 503 3434; x_wconf 81' lang='lat' dir='ltr'><strong>offendit,</strong></span> <span class='ocrx_word' id='word_1_355' title='bbox 537 3350 622 3433; x_wconf 90' lang='lat' dir='ltr'><strong>quod</strong></span> <span class='ocrx_word' id='word_1_356' title='bbox 649 3349 759 3416; x_wconf 88' lang='lat' dir='ltr'><strong>Liuius</strong></span> <span class='ocrx_word' id='word_1_357' title='bbox 791 3348 921 3415; x_wconf 88' lang='lat' dir='ltr'><strong>deciens</strong></span> <span class='ocrx_word' id='word_1_358' title='bbox 951 3369 1016 3416; x_wconf 95' lang='lat' dir='ltr'><strong>uno</strong></span> <span class='ocrx_word' id='word_1_359' title='bbox 1041 3351 1170 3416; x_wconf 90' lang='lat' dir='ltr'><strong>nomine</strong></span> <span class='ocrx_word' id='word_1_360' title='bbox 1192 3348 1310 3416; x_wconf 89' lang='lat' dir='ltr'><strong>Claudi</strong></span> <span class='ocrx_word' id='word_1_361' title='bbox 1331 3351 1369 3429; x_wconf 82' lang='lat' dir='ltr'><strong>Q.</strong></span> <span class='ocrx_word' id='word_1_362' title='bbox 1393 3349 1560 3416; x_wconf 90' lang='lat' dir='ltr'><strong>Claudium</strong></span> <span class='ocrx_word' id='word_1_363' title='bbox 1582 3350 1826 3434; x_wconf 83' lang='lat' dir='ltr'><strong>Quadrigarium</strong></span> <span class='ocrx_word' id='word_1_364' title='bbox 1857 3349 2012 3430; x_wconf 86' lang='lat' dir='ltr'><strong>laudauit,</strong></span> 
     </span>
     <span class='ocr_line' id='line_1_29' title="bbox 297 3450 2014 3538; baseline -0.001 -20"><span class='ocrx_word' id='word_1_365' title='bbox 297 3452 410 3518; x_wconf 90' lang='lat' dir='ltr'><strong>mirum</strong></span> <span class='ocrx_word' id='word_1_366' title='bbox 432 3470 505 3518; x_wconf 86' lang='lat' dir='ltr'><strong>esse</strong></span> <span class='ocrx_word' id='word_1_367' title='bbox 525 3473 590 3519; x_wconf 91' lang='lat' dir='ltr'><strong>non</strong></span> <span class='ocrx_word' id='word_1_368' title='bbox 603 3457 712 3538; x_wconf 84' lang='lat' dir='ltr'><strong>potest</strong></span> <span class='ocrx_word' id='word_1_369' title='bbox 731 3451 823 3518; x_wconf 92' lang='lat' dir='ltr'><strong>nobis</strong></span> <span class='ocrx_word' id='word_1_370' title='bbox 845 3450 1119 3518; x_wconf 88' lang='lat' dir='ltr'><strong>considerantibus</strong></span> <span class='ocrx_word' id='word_1_371' title='bbox 1135 3461 1169 3518; x_wconf 89' lang='grc' dir='ltr'><strong>ιι</strong></span> <span class='ocrx_word' id='word_1_372' title='bbox 1181 3454 1217 3519; x_wconf 87' lang='lat' dir='ltr'><strong>L.</strong></span> <span class='ocrx_word' id='word_1_373' title='bbox 1233 3452 1376 3519; x_wconf 89' lang='lat' dir='ltr'><strong>Caelium</strong></span> <span class='ocrx_word' id='word_1_374' title='bbox 1390 3452 1600 3538; x_wconf 83' lang='lat' dir='ltr'><strong>Antipatrum,</strong></span> <span class='ocrx_word' id='word_1_375' title='bbox 1616 3454 1671 3537; x_wconf 94' lang='lat' dir='ltr'><strong>qui</strong></span> <span class='ocrx_word' id='word_1_376' title='bbox 1684 3452 1816 3520; x_wconf 89' lang='lat' dir='ltr'><strong>totidem</strong></span> <span class='ocrx_word' id='word_1_377' title='bbox 1836 3452 1916 3519; x_wconf 86' lang='lat' dir='ltr'><strong>locIa</strong></span> <span class='ocrx_word' id='word_1_378' title='bbox 1937 3459 2014 3534; x_wconf 94' lang='lat' dir='ltr'><strong>quot</strong></span> 
     </span>
     <span class='ocr_line' id='line_1_30' title="bbox 296 3553 2012 3641; baseline -0.002 -18"><span class='ocrx_word' id='word_1_379' title='bbox 296 3554 449 3623; x_wconf 84' lang='lat' dir='ltr'><strong>Claudius</strong></span> <span class='ocrx_word' id='word_1_380' title='bbox 477 3554 593 3621; x_wconf 90' lang='lat' dir='ltr'><strong>citatus</strong></span> <span class='ocrx_word' id='word_1_381' title='bbox 621 3561 679 3638; x_wconf 92' lang='grc' dir='ltr'>ιιι,</span> <span class='ocrx_word' id='word_1_382' title='bbox 702 3553 888 3638; x_wconf 89' lang='lat' dir='ltr'><strong>simpliciter</strong></span> <span class='ocrx_word' id='word_1_383' title='bbox 908 3554 949 3619; x_wconf 91' lang='lat' dir='ltr'><strong>ab</strong></span> <span class='ocrx_word' id='word_1_384' title='bbox 976 3573 1014 3620; x_wconf 92' lang='grc' dir='ltr'><strong>ιο</strong></span> <span class='ocrx_word' id='word_1_385' title='bbox 1037 3554 1181 3621; x_wconf 89' lang='lat' dir='ltr'><strong>Caelium</strong></span> <span class='ocrx_word' id='word_1_386' title='bbox 1208 3556 1404 3640; x_wconf 86' lang='lat' dir='ltr'><strong>appellatum</strong></span> <span class='ocrx_word' id='word_1_387' title='bbox 1425 3575 1508 3640; x_wconf 89' lang='lat' dir='ltr'><strong>esse,</strong></span> <span class='ocrx_word' id='word_1_388' title='bbox 1530 3563 1564 3622; x_wconf 89' lang='lat' dir='ltr'><strong>et</strong></span> <span class='ocrx_word' id='word_1_389' title='bbox 1583 3555 1619 3622; x_wconf 78' lang='lat' dir='ltr'>L</span> <span class='ocrx_word' id='word_1_390' title='bbox 1635 3555 1841 3641; x_wconf 85' lang='lat' dir='ltr'><strong>Calpurnium</strong></span> <span class='ocrx_word' id='word_1_391' title='bbox 1862 3553 2012 3620; x_wconf 83' lang='lat' dir='ltr'><strong>PIsoncm</strong></span> 
     </span>
     <span class='ocr_line' id='line_1_31' title="bbox 295 3654 1559 3741; baseline 0.001 -17"><span class='ocrx_word' id='word_1_392' title='bbox 295 3659 342 3725; x_wconf 91' lang='lat' dir='ltr'><strong>eis</strong></span> <span class='ocrx_word' id='word_1_393' title='bbox 364 3657 504 3741; x_wconf 90' lang='lat' dir='ltr'><strong>quinque</strong></span> <span class='ocrx_word' id='word_1_394' title='bbox 524 3656 604 3723; x_wconf 82' lang='lat' dir='ltr'><strong>locIs</strong></span> <span class='ocrx_word' id='word_1_395' title='bbox 626 3655 740 3739; x_wconf 90' lang='lat' dir='ltr'><strong>quibus</strong></span> <span class='ocrx_word' id='word_1_396' title='bbox 761 3654 805 3721; x_wconf 91' lang='lat' dir='ltr'><strong>ad</strong></span> <span class='ocrx_word' id='word_1_397' title='bbox 826 3656 896 3722; x_wconf 88' lang='lat' dir='ltr'><strong>eius</strong></span> <span class='ocrx_word' id='word_1_398' title='bbox 917 3656 1138 3722; x_wconf 88' lang='lat' dir='ltr'><strong>auctoritatem</strong></span> <span class='ocrx_word' id='word_1_399' title='bbox 1158 3678 1218 3724; x_wconf 94' lang='lat' dir='ltr'><strong>nos</strong></span> <span class='ocrx_word' id='word_1_400' title='bbox 1239 3664 1378 3741; x_wconf 87' lang='lat' dir='ltr'><strong>reuocat,</strong></span> <span class='ocrx_word' id='word_1_401' title='bbox 1399 3657 1559 3725; x_wconf 88' lang='lat' dir='ltr'><strong>Pisonem.</strong></span> 
     </span>
    </p>

    <p class='ocr_par' dir='ltr' id='par_1_4' title="bbox 295 3758 2011 4050">
     <span class='ocr_line' id='line_1_32' title="bbox 381 3758 2011 3844; baseline -0.001 -17"><span class='ocrx_word' id='word_1_402' title='bbox 381 3762 452 3827; x_wconf 88' lang='lat' dir='ltr'><strong>Iam</strong></span> <span class='ocrx_word' id='word_1_403' title='bbox 472 3778 548 3825; x_wconf 86' lang='lat' dir='ltr'><strong>uero</strong></span> <span class='ocrx_word' id='word_1_404' title='bbox 568 3777 632 3823; x_wconf 91' lang='lat' dir='ltr'><strong>uno</strong></span> <span class='ocrx_word' id='word_1_405' title='bbox 655 3764 829 3843; x_wconf 90' lang='lat' dir='ltr'><strong>conspectu</strong></span> <span class='ocrx_word' id='word_1_406' title='bbox 848 3759 1023 3824; x_wconf 85' lang='lat' dir='ltr'><strong>recensebo</strong></span> <span class='ocrx_word' id='word_1_407' title='bbox 1045 3758 1143 3824; x_wconf 88' lang='lat' dir='ltr'><strong>ctiam</strong></span> <span class='ocrx_word' id='word_1_408' title='bbox 1164 3759 1245 3826; x_wconf 88' lang='lat' dir='ltr'><strong>alios</strong></span> <span class='ocrx_word' id='word_1_409' title='bbox 1266 3759 1444 3844; x_wconf 90' lang='lat' dir='ltr'><strong>historicos,</strong></span> <span class='ocrx_word' id='word_1_410' title='bbox 1465 3761 1578 3844; x_wconf 91' lang='lat' dir='ltr'><strong>quibus</strong></span> <span class='ocrx_word' id='word_1_411' title='bbox 1594 3759 1708 3827; x_wconf 84' lang='lat' dir='ltr'><strong>Claudi</strong></span> <span class='ocrx_word' id='word_1_412' title='bbox 1721 3760 1774 3825; x_wconf 88' lang='lat' dir='ltr'><strong>uel</strong></span> <span class='ocrx_word' id='word_1_413' title='bbox 1789 3760 1880 3826; x_wconf 90' lang='lat' dir='ltr'><strong>Clodi</strong></span> <span class='ocrx_word' id='word_1_414' title='bbox 1894 3780 2011 3826; x_wconf 89' lang='lat' dir='ltr'><strong>nomen</strong></span> 
     </span>
     <span class='ocr_line' id='line_1_33' title="bbox 295 3858 2011 3948; baseline -0.002 -18"><span class='ocrx_word' id='word_1_415' title='bbox 295 3863 364 3945; x_wconf 84' lang='lat' dir='ltr'><strong>fnit,</strong></span> <span class='ocrx_word' id='word_1_416' title='bbox 390 3860 446 3947; x_wconf 93' lang='lat' dir='ltr'><strong>qui</strong></span> <span class='ocrx_word' id='word_1_417' title='bbox 467 3878 566 3946; x_wconf 86' lang='lat' dir='ltr'><strong>saepe</strong></span> <span class='ocrx_word' id='word_1_418' title='bbox 587 3865 621 3925; x_wconf 93' lang='grc' dir='ltr'><strong>ιι</strong></span> <span class='ocrx_word' id='word_1_419' title='bbox 640 3858 723 3925; x_wconf 90' lang='lat' dir='ltr'><strong>inter</strong></span> <span class='ocrx_word' id='word_1_420' title='bbox 743 3878 780 3925; x_wconf 91' lang='grc' dir='ltr'><strong>ιι</strong></span> <span class='ocrx_word' id='word_1_421' title='bbox 802 3866 926 3927; x_wconf 89' lang='lat' dir='ltr'><strong>etcum</strong></span> <span class='ocrx_word' id='word_1_422' title='bbox 948 3860 1159 3944; x_wconf 84' lang='lat' dir='ltr'><strong>Quadrigario</strong></span> <span class='ocrx_word' id='word_1_423' title='bbox 1182 3859 1378 3946; x_wconf 80' lang='lat' dir='ltr'><strong>Claudioque</strong></span> <span class='ocrx_word' id='word_1_424' title='bbox 1404 3862 1576 3948; x_wconf 85' lang='lat' dir='ltr'><strong>interprete</strong></span> <span class='ocrx_word' id='word_1_425' title='bbox 1603 3861 1726 3928; x_wconf 85' lang='lat' dir='ltr'><strong>coniusi</strong></span> <span class='ocrx_word' id='word_1_426' title='bbox 1747 3871 1830 3933; x_wconf 85' lang='lat' dir='ltr'><strong>sunt</strong></span> <span class='ocrx_word' id='word_1_427' title='bbox 1871 3863 2011 3929; x_wconf 92' lang='lat' dir='ltr'><strong>Primum</strong></span> 
     </span>
     <span class='ocr_line' id='line_1_34' title="bbox 297 3961 1163 4050; baseline -0.006 -18"><span class='ocrx_word' id='word_1_428' title='bbox 297 3965 458 4050; x_wconf 91' lang='lat' dir='ltr'><strong>adponam</strong></span> <span class='ocrx_word' id='word_1_429' title='bbox 479 3964 567 4050; x_wconf 88' lang='lat' dir='ltr'><strong>ipsos</strong></span> <span class='ocrx_word' id='word_1_430' title='bbox 588 3961 686 4045; x_wconf 89' lang='lat' dir='ltr'><strong>locos,</strong></span> <span class='ocrx_word' id='word_1_431' title='bbox 708 3961 822 4045; x_wconf 87' lang='lat' dir='ltr'><strong>quibus</strong></span> <span class='ocrx_word' id='word_1_432' title='bbox 844 3980 952 4028; x_wconf 90' lang='lat' dir='ltr'><strong>eurum</strong></span> <span class='ocrx_word' id='word_1_433' title='bbox 973 3963 1090 4029; x_wconf 85' lang='lat' dir='ltr'><strong>mentio</strong></span> <span class='ocrx_word' id='word_1_434' title='bbox 1111 3964 1163 4029; x_wconf 85' lang='lat' dir='ltr'><strong>lit:</strong></span> 
     </span>
    </p>

    <p class='ocr_par' dir='ltr' id='par_1_5' title="bbox 299 4063 2008 4253">
     <span class='ocr_line' id='line_1_35' title="bbox 382 4063 2008 4153; baseline 0.001 -22"><span class='ocrx_word' id='word_1_435' title='bbox 382 4069 412 4135; x_wconf 92' lang='lat'><strong>1.</strong></span> <span class='ocrx_word' id='word_1_436' title='bbox 455 4066 557 4133; x_wconf 86' lang='lat' dir='ltr'><strong>Cicer.</strong></span> <span class='ocrx_word' id='word_1_437' title='bbox 584 4063 626 4130; x_wconf 87' lang='lat' dir='ltr'><strong>de</strong></span> <span class='ocrx_word' id='word_1_438' title='bbox 652 4064 738 4148; x_wconf 86' lang='lat' dir='ltr'><strong>legg.</strong></span> <span class='ocrx_word' id='word_1_439' title='bbox 763 4065 780 4129; x_wconf 95' lang='lat' dir='ltr'>I</span> <span class='ocrx_word' id='word_1_440' title='bbox 807 4067 836 4147; x_wconf 93' lang='grc'><strong>2,</strong></span> <span class='ocrx_word' id='word_1_441' title='bbox 867 4067 900 4134; x_wconf 83' lang='lat'><strong>6:</strong></span> <span class='ocrx_word' id='word_1_442' title='bbox 943 4065 1027 4133; x_wconf 84' lang='lat' dir='ltr'><strong>Ecce</strong></span> <span class='ocrx_word' id='word_1_443' title='bbox 1058 4072 1167 4133; x_wconf 87' lang='lat' dir='ltr'><strong>autem</strong></span> <span class='ocrx_word' id='word_1_444' title='bbox 1197 4086 1382 4134; x_wconf 89' lang='lat' dir='ltr'><strong>successere</strong></span> <span class='ocrx_word' id='word_1_445' title='bbox 1409 4067 1484 4133; x_wconf 89' lang='lat' dir='ltr'><strong>huic</strong></span> <span class='ocrx_word' id='word_1_446' title='bbox 1516 4064 1639 4153; x_wconf 84' lang='lat' dir='ltr'><strong>(Caebo</strong></span> <span class='ocrx_word' id='word_1_447' title='bbox 1659 4064 1841 4151; x_wconf 79' lang='lat' dir='ltr'><strong>Antipatro)</strong></span> <span class='ocrx_word' id='word_1_448' title='bbox 1874 4064 2008 4140; x_wconf 83' lang='lat' dir='ltr'><strong>Cellius,</strong></span> 
     </span>
     <span class='ocr_line' id='line_1_36' title="bbox 299 4165 1894 4253; baseline -0.001 -15"><span class='ocrx_word' id='word_1_449' title='bbox 299 4169 476 4251; x_wconf 90' lang='lat' dir='ltr'><strong>Clodius,</strong></span> <span class='ocrx_word' id='word_1_450' title='bbox 497 4167 630 4251; x_wconf 85' lang='lat' dir='ltr'><strong>Asellio,</strong></span> <span class='ocrx_word' id='word_1_451' title='bbox 651 4166 731 4232; x_wconf 91' lang='lat' dir='ltr'><strong>nihil</strong></span> <span class='ocrx_word' id='word_1_452' title='bbox 750 4165 793 4231; x_wconf 88' lang='lat' dir='ltr'><strong>ad</strong></span> <span class='ocrx_word' id='word_1_453' title='bbox 815 4166 960 4234; x_wconf 88' lang='lat' dir='ltr'><strong>Caelium</strong></span> <span class='ocrx_word' id='word_1_454' title='bbox 979 4170 1032 4235; x_wconf 85' lang='lat' dir='ltr'><strong>uel</strong></span> <span class='ocrx_word' id='word_1_455' title='bbox 1052 4169 1160 4253; x_wconf 91' lang='lat' dir='ltr'><strong>potius</strong></span> <span class='ocrx_word' id='word_1_456' title='bbox 1181 4167 1224 4233; x_wconf 89' lang='lat' dir='ltr'><strong>ad</strong></span> <span class='ocrx_word' id='word_1_457' title='bbox 1245 4170 1445 4253; x_wconf 88' lang='lat' dir='ltr'><strong>antiquorum</strong></span> <span class='ocrx_word' id='word_1_458' title='bbox 1466 4171 1652 4253; x_wconf 87' lang='lat' dir='ltr'><strong>languorem</strong></span> <span class='ocrx_word' id='word_1_459' title='bbox 1673 4175 1706 4234; x_wconf 89' lang='grc' dir='ltr'><strong>ιι</strong></span> <span class='ocrx_word' id='word_1_460' title='bbox 1726 4168 1894 4236; x_wconf 81' lang='lat' dir='ltr'><strong>inscitiam</strong></span> 
     </span>
    </p>

    <p class='ocr_par' dir='ltr' id='par_1_6' title="bbox 295 4267 2006 4543">
     <span class='ocr_line' id='line_1_37' title="bbox 382 4267 2006 4358; baseline -0.002 -18"><span class='ocrx_word' id='word_1_461' title='bbox 382 4274 414 4341; x_wconf 87' lang='grc'><strong>2.</strong></span> <span class='ocrx_word' id='word_1_462' title='bbox 455 4268 525 4335; x_wconf 74' lang='lat' dir='ltr'><strong>tiu</strong></span> <span class='ocrx_word' id='word_1_463' title='bbox 551 4269 709 4335; x_wconf 90' lang='lat' dir='ltr'>XXVIIII</span> <span class='ocrx_word' id='word_1_464' title='bbox 731 4270 856 4352; x_wconf 71' lang='grc' dir='ltr'>221οε</span> <span class='ocrx_word' id='word_1_465' title='bbox 877 4270 972 4337; x_wconf 89' lang='lat' dir='ltr'><strong>Hunc</strong></span> <span class='ocrx_word' id='word_1_466' title='bbox 993 4271 1182 4356; x_wconf 85' lang='lat' dir='ltr'><strong>Pleminium</strong></span> <span class='ocrx_word' id='word_1_467' title='bbox 1204 4269 1363 4337; x_wconf 87' lang='lat' dir='ltr'><strong>Clodius</strong></span> <span class='ocrx_word' id='word_1_468' title='bbox 1385 4273 1545 4338; x_wconf 86' lang='lat' dir='ltr'><strong>LIcinus</strong></span> <span class='ocrx_word' id='word_1_469' title='bbox 1568 4268 1718 4358; x_wconf 88' lang='lat' dir='ltr'><strong>[Licinius</strong></span> <span class='ocrx_word' id='word_1_470' title='bbox 1739 4267 1822 4356; x_wconf 88' lang='lat' dir='ltr'><strong>libri]</strong></span> <span class='ocrx_word' id='word_1_471' title='bbox 1846 4270 1884 4335; x_wconf 94' lang='lat' dir='ltr'><strong>in</strong></span> <span class='ocrx_word' id='word_1_472' title='bbox 1905 4270 2006 4336; x_wconf 91' lang='lat' dir='ltr'><strong>libro</strong></span> 
     </span>
     <span class='ocr_line' id='line_1_38' title="bbox 297 4371 2006 4460; baseline -0.003 -18"><span class='ocrx_word' id='word_1_473' title='bbox 297 4373 413 4442; x_wconf 90' lang='lat' dir='ltr'><strong>tertio</strong></span> <span class='ocrx_word' id='word_1_474' title='bbox 438 4390 566 4437; x_wconf 87' lang='lat' dir='ltr'><strong>rerum</strong></span> <span class='ocrx_word' id='word_1_475' title='bbox 586 4371 841 4438; x_wconf 89' lang='lat' dir='ltr'><strong>Romanarum</strong></span> <span class='ocrx_word' id='word_1_476' title='bbox 866 4373 962 4440; x_wconf 81' lang='lat' dir='ltr'><strong>refert</strong></span> <span class='ocrx_word' id='word_1_477' title='bbox 987 4373 1071 4441; x_wconf 90' lang='lat' dir='ltr'><strong>ludis</strong></span> <span class='ocrx_word' id='word_1_478' title='bbox 1099 4372 1215 4439; x_wconf 87' lang='lat' dir='ltr'><strong>uotiuis</strong></span> <span class='ocrx_word' id='word_1_479' title='bbox 1238 4371 1282 4458; x_wconf 82' lang='lat' dir='ltr'><strong>(a</strong></span> <span class='ocrx_word' id='word_1_480' title='bbox 1306 4373 1457 4460; x_wconf 68' lang='lat' dir='ltr'><strong>lacoon)</strong></span> <span class='ocrx_word' id='word_1_481' title='bbox 1478 4414 1521 4425; x_wconf 89' lang='lat'><em>-</em></span> <span class='ocrx_word' id='word_1_482' title='bbox 1542 4378 1690 4440; x_wconf 86' lang='lat' dir='ltr'><strong>conatum</strong></span> <span class='ocrx_word' id='word_1_483' title='bbox 1710 4392 1768 4458; x_wconf 88' lang='lat' dir='ltr'><strong>por</strong></span> <span class='ocrx_word' id='word_1_484' title='bbox 1786 4373 1942 4456; x_wconf 86' lang='lat' dir='ltr'><strong>quosdam</strong></span> <span class='ocrx_word' id='word_1_485' title='bbox 1965 4408 2006 4421; x_wconf 93' lang='lat'>-</span> 
     </span>
     <span class='ocr_line' id='line_1_39' title="bbox 295 4473 1056 4543; baseline -0.004 0"><span class='ocrx_word' id='word_1_486' title='bbox 295 4478 406 4543; x_wconf 90' lang='lat' dir='ltr'><strong>urbem</strong></span> <span class='ocrx_word' id='word_1_487' title='bbox 426 4473 606 4541; x_wconf 87' lang='lat' dir='ltr'><strong>incendere.</strong></span> <span class='ocrx_word' id='word_1_488' title='bbox 1052 4477 1056 4486; x_wconf 82' lang='grc'><strong>“</strong></span> 
     </span>
    </p>

    <p class='ocr_par' dir='ltr' id='par_1_7' title="bbox 297 4570 2007 4769">
     <span class='ocr_line' id='line_1_40' title="bbox 382 4570 2004 4665; baseline 0.001 -21"><span class='ocrx_word' id='word_1_489' title='bbox 382 4580 414 4645; x_wconf 86' lang='grc'><strong>3.</strong></span> <span class='ocrx_word' id='word_1_490' title='bbox 455 4576 539 4645; x_wconf 81' lang='lat' dir='ltr'><strong>Plut.</strong></span> <span class='ocrx_word' id='word_1_491' title='bbox 553 4575 647 4644; x_wconf 81' lang='lat' dir='ltr'><strong>Num.</strong></span> <span class='ocrx_word' id='word_1_492' title='bbox 664 4579 697 4642; x_wconf 90' lang='lat' dir='ltr'><strong>l:</strong></span> <span class='ocrx_word' id='word_1_493' title='bbox 721 4570 898 4653; x_wconf 64' lang='lat' dir='ltr'><strong>dealbate</strong></span> <span class='ocrx_word' id='word_1_494' title='bbox 924 4603 980 4653; x_wconf 79' lang='grc' dir='ltr'><strong>ιις</strong></span> <span class='ocrx_word' id='word_1_495' title='bbox 1001 4579 1044 4644; x_wconf 76' lang='grc' dir='ltr'><strong>ἓν</strong></span> <span class='ocrx_word' id='word_1_496' title='bbox 1066 4579 1223 4664; x_wconf 73' lang='grc' dir='ltr'><em>ἐλέγχῳ</em></span> <span class='ocrx_word' id='word_1_497' title='bbox 1244 4574 1408 4662; x_wconf 76' lang='grc' dir='ltr'><strong>χρόνων</strong></span> <span class='ocrx_word' id='word_1_498' title='bbox 1431 4572 1526 4661; x_wconf 67' lang='grc' dir='ltr'>(οὕτω</span> <span class='ocrx_word' id='word_1_499' title='bbox 1547 4572 1616 4664; x_wconf 77' lang='grc' dir='ltr'><strong>γάρ</strong></span> <span class='ocrx_word' id='word_1_500' title='bbox 1638 4601 1702 4653; x_wconf 76' lang='grc' dir='ltr'><strong>πως</strong></span> <span class='ocrx_word' id='word_1_501' title='bbox 1719 4577 1948 4665; x_wconf 63' lang='grc' dir='ltr'>ἐπιγέγραπται</span> <span class='ocrx_word' id='word_1_502' title='bbox 1968 4574 2004 4645; x_wconf 73' lang='grc' dir='ltr'><strong>ιδ</strong></span> 
     </span>
     <span class='ocr_line' id='line_1_41' title="bbox 297 4670 2007 4769; baseline 0.001 -24"><span class='ocrx_word' id='word_1_503' title='bbox 297 4677 433 4769; x_wconf 78' lang='grc' dir='ltr'>βιβλίον)</span> <span class='ocrx_word' id='word_1_504' title='bbox 456 4674 650 4764; x_wconf 68' lang='grc' dir='ltr'>ἰσχυρίζεται</span> <span class='ocrx_word' id='word_1_505' title='bbox 670 4670 727 4753; x_wconf 73' lang='grc' dir='ltr'><strong>τὰς</strong></span> <span class='ocrx_word' id='word_1_506' title='bbox 747 4675 810 4765; x_wconf 68' lang='grc' dir='ltr'><strong>μὲν</strong></span> <span class='ocrx_word' id='word_1_507' title='bbox 830 4675 977 4765; x_wconf 75' lang='grc' dir='ltr'>ἀρχαίας</span> <span class='ocrx_word' id='word_1_508' title='bbox 999 4679 1125 4757; x_wconf 69' lang='grc' dir='ltr'><strong><em>ἐκείνας</em></strong></span> <span class='ocrx_word' id='word_1_509' title='bbox 1145 4674 1349 4767; x_wconf 64' lang='grc' dir='ltr'><strong><em>ἀναγραφὰς</em></strong></span> <span class='ocrx_word' id='word_1_510' title='bbox 1370 4681 1406 4745; x_wconf 67' lang='grc' dir='ltr'><strong>εἰ)</strong></span> <span class='ocrx_word' id='word_1_511' title='bbox 1427 4686 1489 4755; x_wconf 76' lang='grc' dir='ltr'><strong>τοῖς</strong></span> <span class='ocrx_word' id='word_1_512' title='bbox 1502 4686 1659 4757; x_wconf 73' lang='grc' dir='ltr'>Κελτικοῖς</span> <span class='ocrx_word' id='word_1_513' title='bbox 1678 4675 1794 4754; x_wconf 58' lang='grc' dir='ltr'>πάθεσι</span> <span class='ocrx_word' id='word_1_514' title='bbox 1814 4685 1867 4762; x_wconf 63' lang='lat' dir='ltr'><strong>ripe</strong></span> <span class='ocrx_word' id='word_1_515' title='bbox 1887 4677 2007 4757; x_wconf 75' lang='grc' dir='ltr'><strong>πόλεως</strong></span> 
     </span>
    </p>
   </div>
   <div class='ocr_carea' id='block_1_3' title="bbox 297 4877 2009 5024">
    <p class='ocr_par' dir='ltr' id='par_1_8' title="bbox 297 4877 2009 5024">
     <span class='ocr_line' id='line_1_42' title="bbox 391 4877 2009 4953; baseline 0 -15"><span class='ocrx_word' id='word_1_516' title='bbox 391 4885 411 4938; x_wconf 70' lang='grc' dir='ltr'><strong>ἰ</strong></span> <span class='ocrx_word' id='word_1_517' title='bbox 429 4877 471 4936; x_wconf 84' lang='lat' dir='ltr'><strong>CI.</strong></span> <span class='ocrx_word' id='word_1_518' title='bbox 489 4893 559 4947; x_wconf 86' lang='lat' dir='ltr'><strong>quoa</strong></span> <span class='ocrx_word' id='word_1_519' title='bbox 583 4880 618 4937; x_wconf 88' lang='lat' dir='ltr'><strong>de</strong></span> <span class='ocrx_word' id='word_1_520' title='bbox 641 4880 695 4937; x_wconf 89' lang='lat' dir='ltr'><strong>bac</strong></span> <span class='ocrx_word' id='word_1_521' title='bbox 716 4880 819 4937; x_wconf 86' lang='lat' dir='ltr'><strong>citandi</strong></span> <span class='ocrx_word' id='word_1_522' title='bbox 844 4883 1042 4939; x_wconf 82' lang='lat' dir='ltr'><strong>comuatndIne</strong></span> <span class='ocrx_word' id='word_1_523' title='bbox 1063 4884 1153 4940; x_wconf 83' lang='lat' dir='ltr'><strong>adtuli</strong></span> <span class='ocrx_word' id='word_1_524' title='bbox 1170 4884 1244 4940; x_wconf 87' lang='lat' dir='ltr'><strong>uiros</strong></span> <span class='ocrx_word' id='word_1_525' title='bbox 1261 4883 1358 4941; x_wconf 87' lang='lat' dir='ltr'><strong>doctos</strong></span> <span class='ocrx_word' id='word_1_526' title='bbox 1374 4882 1403 4938; x_wconf 91' lang='lat' dir='ltr'><strong>in</strong></span> <span class='ocrx_word' id='word_1_527' title='bbox 1420 4882 1490 4939; x_wconf 81' lang='lat' dir='ltr'><strong>libro</strong></span> <span class='ocrx_word' id='word_1_528' title='bbox 1505 4898 1567 4940; x_wconf 90' lang='lat' dir='ltr'><strong>meo</strong></span> <span class='ocrx_word' id='word_1_529' title='bbox 1583 4883 1619 4939; x_wconf 90' lang='lat' dir='ltr'><strong>de</strong></span> <span class='ocrx_word' id='word_1_530' title='bbox 1635 4882 1705 4939; x_wconf 82' lang='lat' dir='ltr'><strong>sont</strong></span> <span class='ocrx_word' id='word_1_531' title='bbox 1721 4884 1792 4939; x_wconf 89' lang='lat' dir='ltr'><strong>Plut</strong></span> <span class='ocrx_word' id='word_1_532' title='bbox 1810 4898 1837 4953; x_wconf 88' lang='lat' dir='ltr'><strong>p.</strong></span> <span class='ocrx_word' id='word_1_533' title='bbox 1855 4883 1891 4938; x_wconf 80' lang='lat' dir='ltr'><strong>to</strong></span> <span class='ocrx_word' id='word_1_534' title='bbox 1906 4889 1963 4939; x_wconf 82' lang='lat' dir='ltr'><strong>not</strong></span> <span class='ocrx_word' id='word_1_535' title='bbox 1980 4887 2009 4938; x_wconf 90' lang='grc' dir='ltr'><strong>ιι</strong></span> 
     </span>
     <span class='ocr_line' id='line_1_43' title="bbox 297 4948 1812 5024; baseline -0.001 -14"><span class='ocrx_word' id='word_1_536' title='bbox 297 4953 369 5010; x_wconf 87' lang='lat' dir='ltr'><strong>adde</strong></span> <span class='ocrx_word' id='word_1_537' title='bbox 385 4948 526 5007; x_wconf 83' lang='lat' dir='ltr'><strong>lleroklln</strong></span> <span class='ocrx_word' id='word_1_538' title='bbox 545 4950 757 5008; x_wconf 84' lang='lat' dir='ltr'><strong>Citiermethode</strong></span> <span class='ocrx_word' id='word_1_539' title='bbox 774 4951 824 5007; x_wconf 89' lang='lat' dir='ltr'><strong>des</strong></span> <span class='ocrx_word' id='word_1_540' title='bbox 842 4953 910 5010; x_wconf 75' lang='lat' dir='ltr'><strong>(tell.</strong></span> <span class='ocrx_word' id='word_1_541' title='bbox 927 4968 954 5022; x_wconf 91' lang='lat' dir='ltr'><strong>p.</strong></span> <span class='ocrx_word' id='word_1_542' title='bbox 973 4951 1032 5024; x_wconf 80' lang='lat'><strong>650,</strong></span> <span class='ocrx_word' id='word_1_543' title='bbox 1051 4953 1098 5010; x_wconf 88' lang='lat' dir='ltr'><strong>ubi</strong></span> <span class='ocrx_word' id='word_1_544' title='bbox 1115 4955 1144 5010; x_wconf 87' lang='lat' dir='ltr'><strong>ln</strong></span> <span class='ocrx_word' id='word_1_545' title='bbox 1162 4953 1280 5012; x_wconf 81' lang='lat' dir='ltr'><strong>Gellium</strong></span> <span class='ocrx_word' id='word_1_546' title='bbox 1297 4955 1394 5010; x_wconf 89' lang='lat' dir='ltr'><strong>eadem</strong></span> <span class='ocrx_word' id='word_1_547' title='bbox 1410 4954 1512 5010; x_wconf 85' lang='lat' dir='ltr'><strong>cadara</strong></span> <span class='ocrx_word' id='word_1_548' title='bbox 1528 4954 1743 5011; x_wconf 84' lang='lat' dir='ltr'><strong>demonstratum</strong></span> <span class='ocrx_word' id='word_1_549' title='bbox 1759 4958 1812 5009; x_wconf 87' lang='grc' dir='ltr'><strong>ιιι</strong></span> 
     </span>
    </p>
   </div>
   <div class='ocr_carea' id='block_1_4' title="bbox 2238 4907 2241 5128">
    <p class='ocr_par' dir='ltr' id='par_1_9' title="bbox 2238 4907 2241 5128">
     <span class='ocr_line' id='line_1_44' title="bbox 2238 4907 2241 5128; baseline 0 0"><span class='ocrx_word' id='word_1_550' title='bbox 2238 4907 2241 5128; x_wconf 84' lang='lat' dir='ltr'><strong>l</strong></span> 
     </span>
    </p>
   </div>
   <div class='ocr_carea' id='block_1_5' title="bbox 0 0 2254 5605">
    <p class='ocr_par' dir='ltr' id='par_1_10' title="bbox 0 0 2254 5605">
     <span class='ocr_line' id='line_1_45' title="bbox 0 0 2254 5605; baseline 0 0"><span class='ocrx_word' id='word_1_551' title='bbox 0 0 2254 5605; x_wconf 95' lang='lat' dir='ltr'><strong> </strong></span> 
     </span>
    </p>
   </div>
  </div>
 </body>
</html>
